% This file was created with JabRef 2.3.1.
% Encoding: UTF8

@BOOK{B-HAR1973,
  title = {Crystal Growth : An introduction},
  publisher = {P. Hartman, Amsterdam},
  year = {1973},
  author = {Hartman \emph{et al.}}
}

@ARTICLE{BRO1999MRS,
  author = {M. L. Brongersma et al.},
  title = {[Premi\`ere occurence du mot \emph{plasmonics}]},
  journal = {Mater. Res. Soc. Symp. Proc.},
  volume = {502},
  year = {1999},
  pages = {H10$.$5}
}

@ARTICLE{CAI2002NAN,
  author = {A. Cai, H. Zhang, H. Hua and Z. Zhang},
  title = {Direct formation of self-assembled nanoporous aluminium oxide on
	SiO2 and Si Substrates},
  journal = {Nanotechnology},
  year = {2002}
}

@ARTICLE{SAN2002SSL,
  author = {A. K. Santra, B. K. Min, D. W. Goodman},
  title = {Ag clusters on ultra-thin ordered SiO2 films},
  journal = {Surface Science Letters},
  year = {2002}
}

@ARTICLE{LI1998JAP,
  author = {A. P. Li, F. Müller, A. Birner, K. Nielsch, and U. Gösele},
  title = {Hexagonal pore arrays with a 50–420 nm interpore distance formed
	by self-organization in anodic alumina},
  journal = {Journal of Applied Physics},
  year = {1998}
}

@ARTICLE{SID2003JACS,
  author = {A. Sidorenko, I. Tokarev, S. Minko and M. Stamm},
  title = {Ordered Reactive Nanomembranes/Nanotemplates from Thin Films of Block
	Copolymer Supramolecualr Assembly},
  journal = {JACS},
  year = {2003}
}

@ARTICLE{MAA2005TSF,
  author = {A.I. Maaroof, G.B. Smith},
  title = {Effective optical constants of nanostructured thin silver films
	
	and impact of an insulator coating},
  journal = {Thin Solid Films},
  year = {2005}
}

@ARTICLE{AFO1999APA,
  author = {C. N. Afonso and J. Gonzalo and R. Serna and J. C. G. de Sande and
	C. Ricolleau and C. Crigis and M. Gandais and D. E. Hole and P. D.
	Townsend},
  title = {Vacuum versus gas environment for synthesis of nanocomposite films
	by pulsed laser deposition},
  journal = {Appl. Phys. A},
  volume = {69},
  year = {1999},
  pages = {S201}
}

@ARTICLE{AKT2002CAS,
  author = {O. A. Aktsipetrov},
  title = {Nonlinear magneto-optics in magnetic nanoparticles},
  journal = {Colloids and Surfaces A: Physicochemical and Engineering Aspects},
  volume = {202},
  year = {2002},
  pages = {165-173}
}

@ARTICLE{ALI1996JPC,
  author = {A. P. Alivisatos},
  title = {Perspectives on the Physical Chemistry of Semiconductor Nanocrystals},
  journal = {J. Phys. Chem.},
  volume = {100},
  year = {1996},
  pages = {13226}
}

@ARTICLE{ALT2002PRB,
  author = {S. Altieria and L. H. Tjeng and F. C. Voogt and T. Hibma and O. Rogojanu
	and G. A. Sawatzky},
  title = {Charge fluctuation and image potential at oxide-metal interfaces},
  journal = {Phys. Rev. B},
  volume = {66},
  year = {2002},
  pages = {155432}
}

@ARTICLE{AND1977JAP,
  author = {T. Andersson and C. G. Granqvist},
  title = {Morphology and size distributions of islands in discontinuous films},
  journal = {J. App. Phys.},
  volume = {48},
  year = {1977},
  pages = {1673}
}

@ARTICLE{AND1996SCI,
  author = {R. P. Andres and J. D. Bielefeld and J. H. Hendersson and D. B. Janes
	and V. R. Kolagunta and C. P. Kubiak},
  title = {\guillemotleft~Coulomb Staircase~\guillemotright~at Room Temperature
	in a Self-Assembled Molecular Nanostructure},
  journal = {Science},
  volume = {272},
  year = {1996},
  pages = {1323-1325}
}

@BOOK{B-AND2005,
  title = {Les surfaces solides : concepts et m\'ethodes},
  publisher = {EDP Sciences},
  year = {2005},
  author = {S. Andrieu and P. M\"uller}
}

@ARTICLE{APE1983PRL,
  author = {P. Apell and D. R. Penn},
  title = {Optical properties of small metal spheres : surface effects},
  journal = {Phys. Rev. Lett.},
  volume = {50},
  year = {1983},
  pages = {1316-1319}
}

@ARTICLE{ARA2006NAN,
  author = {T. Arai and C. Rockstuhl and P. Fons and K. Kurihara and T. Nakano
	and K. Awazu and J. Tominaga},
  title = {Characteristics of nanostructured {Ag} films by the reduction of
	sputtered {AgO}$_x$ thin films},
  journal = {Nanotechnology},
  volume = {17},
  year = {2006},
  pages = {79-82}
}

@ARTICLE{ARB2005APL,
  author = {J. Arbiol and F. Peir{\'o} and A. Cornet and C. Clavero and A. Cebollada
	and G. Armelles and
	
	Y. Huttel},
  title = {Capping layer effects in the structure and composition of {Co} nanoparticle
	ultrathin films},
  journal = {Appl. Phys. Lett.},
  volume = {86},
  year = {2005},
  pages = {032510}
}

@ARTICLE{ARB2004MRS,
  author = {J. Arbiol and E. Rossinyol and A. Cabot and F. Peir\'o and A. Cornet
	and J. R. Morante},
  title = {{TEM} $3${D} Tomography of Noble Metal Nanowires Growth inside {SiO}$_2$
	Mesoporous Aggregates},
  journal = {Mat. Res. Soc. Symp. Proc},
  year = {2004}
}

@ARTICLE{ARB2004ECS,
  author = {J. Arbiol and E. Rossinyol and A. Cabot and F. Peir\'o and A. Cornet
	and J. R. Morante and F. Chen and M. Liu},
  title = {Noble Metal Nanostructures Synthesized inside Mesoporous Nanotemplate
	Pores},
  journal = {Electro. Sol. State Lett.},
  volume = {7},
  year = {2004},
  pages = {17-19}
}

@ARTICLE{ARS2005SCI,
  author = {I. Arslan and T. J. V. Yates and N. D. Browning and P. A. Midgley},
  title = {Embedded Nanostructures Revealed in Three Dimensions},
  journal = {Science},
  volume = {309},
  year = {2005},
  pages = {2195-2198}
}

@ARTICLE{ASH1973AM,
  author = {M. F. Ashby and R. A. Verrall},
  title = {Diffusion-accommodated. flow and superplasticity},
  journal = {Acta metall.},
  volume = {21},
  year = {1973},
  pages = {149-163}
}

@ARTICLE{KAR2005CPL,
  author = {B. Karthikeyan, Jinto Thomas, Reji Philip},
  title = {Optical nonlinearity in glass-embedded silver nanoclusters under
	ultrafast laser excitation},
  journal = {Chemical Physics Letters},
  year = {2005}
}

@ARTICLE{MED2007PRB,
  author = {B. Medasani, Y. H. Park, and I. Vasiliev},
  title = {Theoretical study of the surface energy, stress, and lattice contraction
	of silver nanoparticles},
  journal = {Physical Review B},
  year = {2007}
}

@ARTICLE{MAT1996SS,
  author = {B. Stäuble-Pümpin, B. Ilge, V.C. Matijasevic, P.M.L.O. Scholte, A.J.
	Steinfort, F. Tuinstra},
  title = {Atomic force microscopy study of (001) SrTiO3 surfaces},
  journal = {Surface Science},
  year = {1996}
}

@ARTICLE{ZIB2006SS,
  author = {B. Ziberi, F. Frost, B. Rauschenbach},
  title = {Self-organized dot patterns on Si surfaces during noble gas ion beam
	erosion},
  journal = {Surface Science},
  year = {2006}
}

@ARTICLE{BAB1992OL,
  author = {K. Baba and J. -I. Katsu and M. Miyagi},
  title = {Optical anisotropy of stretched gold island films experimental results},
  journal = {Optics Letters},
  volume = {17},
  year = {1992},
  pages = {622-624}
}

@PHDTHESIS{TH-BAB1999,
  author = {D. Babonneau},
  title = {\'Elaboration par copulv\'erisation d'agr\'egats m\'etalliques encapsul\'es
	dans des matrices de carbone},
  school = {Universit\'e de Poitiers},
  year = {1999}
}

@ARTICLE{BAB2000JAP,
  author = {D. Babonneau and J. Briatico and F. Petroff and T.Cabioc'h and A.
	Naudon},
  title = {Structural and magnetic properties of {Fe}$_x$-{C}$_{1-x}$ nanocomposite
	thin films},
  journal = {J. Appl. Phys.},
  volume = {87},
  year = {2000},
  pages = {3432-3443}
}

@ARTICLE{BAB2003APL,
  author = {D. Babonneau and M. Jaouen and M. -F. Denanot and P. Gu\'erin and
	F. Petroff},
  title = {Nanostructure and magnetic properties of {BN}-encapsulated {Fe(B)}
	and {Fe}$_2${N} nanoparticles prepared by dual ion-beam sputtering},
  journal = {Appl. Phys. Lett.},
  volume = {82},
  year = {2003},
  pages = {3056-3058}
}

@ARTICLE{BAB2000JAC,
  author = {D. Babonneau and A. Naudon and T. Cabioc'h and O. Lyon},
  title = {Morphology of encapsulated iron nanoparticles obtained by co-sputtering
	and implantation: a {GISAXS} study},
  journal = {J. Appl. Cryst.},
  volume = {33},
  year = {2000},
  pages = {437-441}
}

@ARTICLE{BAB2005PRB,
  author = {D. Babonneau and F. Pailloux and J. -P. Eymery and M. -F. Denanot
	and Ph. Gu\'erin},
  title = {Spontaneous organization of columnar nanoparticles in {Fe-BN} nanocomposite
	films},
  journal = {Phys. Rev. B},
  volume = {71},
  year = {2005},
  pages = {035430}
}

@ARTICLE{BAB2000APL,
  author = {D. Babonneau and F. Petroff and J. -L. Maurice and F. Pettar and
	A. Vaur\`es and A. Naudon},
  title = {Evidence for a self-organized growth in granular {Co}/{Al}$_2${O}$_3$
	multilayers},
  journal = {Appl. Phys. Lett.},
  volume = {76},
  year = {2000},
  pages = {2892}
}

@PHDTHESIS{TH-BAC2007,
  author = {R. Bachelet},
  title = {Couches minces d'oxydes \'elabor\'ees par voie sol-gel, \'epitaxi\'ees
	et nanostructur\'ees par traitements thermiques post-d\'ep\^ot},
  school = {Universit\'e de Limoges},
  year = {2007}
}

@ARTICLE{BAC2007NAN,
  author = {R. Bachelet and S. Cottrino and G. Nah\'elou and V. Coudert and A.
	Boulle and B. Soulestin abd F. Rossignol and R. Guinebreti\`ere and
	A. Dauger},
  title = {Self-patterned oxide nanostructures grown by post-deposition thermal
	annealing on stepped surfaces},
  journal = {Nanotechnology},
  volume = {18},
  year = {2007},
  pages = {015301}
}

@ARTICLE{BAE2006NAN,
  author = {C. H. Bae and S. M. Park and S. C. Park and J. S. Ha},
  title = {Array of ultraviolet luminescent {ZnO} nanodots fabricated by pulsed
	laser deposition using an anodic aluminium oxide template},
  journal = {Nanotechnology},
  year = {2006}
}

@ARTICLE{FER1988PRL,
  author = {M. N. Baibich and J. M. Broto and A. Fert and F. Nguyen Van Dau and
	F. Petroff and P. Etienne and G. Creuzet and A. Friederich and J.
	Chazelas},
  title = {Giant Magnetoresistance of (001){Fe}/(001){Cr} Magnetic Superlattices},
  journal = {Phys. Rev. Lett.},
  volume = {61},
  year = {1988},
  pages = {2472}
}

@ARTICLE{BAL1997APL,
  author = {J.M. Ballesteros and R. Serna and J. Solis and C. N. Afonso and A.
	K. Petford-Long and D. H. Osborne and R. F. Haglund Jr},
  title = {Pulsed {L}aser {D}eposition of {Cu}:Al$_2$O$_3$ nanocrystal thin
	films with high third order optical susceptibility},
  journal = {Appl. Phys. Lett.},
  volume = {71},
  year = {1997},
  pages = {2445-2447}
}

@ARTICLE{BAL2002JCP,
  author = {F. Balletto and R. Ferrando and A. Fortunelli and F. Montalenti and
	C. Mottet},
  title = {Crossover among structural motifs in transition and noble-metal clusters},
  journal = {J. Chem. Phys.},
  volume = {116},
  year = {2002},
  pages = {3856}
}

@ARTICLE{BAR2000SS,
  author = {A. Barbier and G. Renaud and J. Pupille},
  title = {Evolution of the cluster shape during the growth of {Ag} on {MgO}(001)},
  journal = {Surface Science},
  volume = {454},
  year = {2000},
  pages = {979-983}
}

@ARTICLE{BAR2002ASS,
  author = {L. Bardotti and B. Pr\'evel and P. Jensen and M. Treilleux and P.
	M\'elinon and A. Perez and J. Gierak and G. Faini and D. Mailly},
  title = {Organizing nanoclusters on functionalized surfaces},
  journal = {Appl. Surf. Sci.},
  volume = {191},
  year = {2002},
  pages = {205-210}
}

@ARTICLE{BAR2005NAN,
  author = {J. -P. Barnes and N. Beer and A. K. Petford-Long and A. Su\'arez-Garc\'ia
	and R. Serna and D. Hole and M. Weyland and P. A. Midgley},
  title = {Resputtering and morphological changes of {Au} nanoparticles in nanocomposites
	as a function of the deposition conditions of the capping layer},
  journal = {Nanotechnology},
  volume = {16},
  year = {2005},
  pages = {718-723}
}

@ARTICLE{BAR2002NAN,
  author = {J. -P. Barnes and A. K. Petford-Long and R. C. Doole and R. Serna
	and J. Gonzalo and A. Suarez-Garcia and C. N. Afonso and D. Hole},
  title = {Structural studies of {Ag} nanocrystals embedded in amorphous {Al}$_2${O}$_3$
	grown by pulsed laser deposition},
  journal = {Nanotechnology},
  volume = {13},
  year = {2002},
  pages = {465-470}
}

@ARTICLE{BAR2006JOP,
  author = {W. L. Barnes},
  title = {Surface plasmon-polariton length scales: a route to sub-wavelength
	optics},
  journal = {J. Opt. A: Pure Appl. Opt.},
  volume = {8},
  year = {2006},
  pages = {S87-S93}
}

@ARTICLE{BAR1996PRB,
  author = {M. C. Bartelt and J. W. Evans},
  title = {Exact island-size distributions for submonolayer deposition: Influence
	of correlations between island size and separation},
  journal = {Phys. Rev. B},
  volume = {54},
  year = {1996},
  pages = {R17359}
}

@ARTICLE{BAT2004ASS,
  author = {G. Battaglin and E. Cattaruzza and F. Gonella and R. Polloni and
	B. F. Scremin and G. Mattei and P. Mazzoldi and C. Sada},
  title = {Structural and optical properties of {Cu}:silica nanocomposite films
	prepared by co-sputtering deposition},
  journal = {Appl. Surf. Sci.},
  volume = {226},
  year = {2004},
  pages = {52-56}
}

@ARTICLE{BAT1998NAN,
  author = {M. Batzill and M. Sarstedt and K. J. Snowdon},
  title = {Fabrication of periodic nanoscale {Ag}-wire arrays on vicinal {Ca}{F}$_2$
	surfaces},
  journal = {Nanotechnology},
  volume = {9},
  year = {1998},
  pages = {20-29}
}

@ARTICLE{BAU1958ZK,
  author = {E. Bauer},
  title = {{P}haenomenologische {T}heorie der {K}ristallabscheidung an {O}berflaechen.I.},
  journal = {Z. Kristallogr.},
  volume = {110},
  year = {1958},
  pages = {372-394}
}

@ARTICLE{BAY1967JMS,
  author = {P. D. Bayer and R. E. Cooper},
  title = {Size-strength effects in sapphire and silicon nitride whiskers at
	20\degres {C}},
  journal = {J. Mater. Sci.},
  volume = {2},
  year = {1967},
  pages = {233-237}
}

@ARTICLE{BEN2006SS,
  author = {H. -M. Benia and N. Nilius and H. -J. Freund},
  title = {Effect of electromagnetic interactions on plasmon excitations in
	silver particle ensembles},
  journal = {Surface Science},
  volume = {600},
  year = {2006},
  pages = {L128-L133}
}

@BOOK{B-BER1993,
  title = {Optique des milieux composites},
  publisher = {Polytechnica},
  year = {1993},
  author = {S. Berthier}
}

@ARTICLE{BER1985TSF,
  author = {S. Berthier and J. Lafait and C. Sella and T. K. Vien},
  title = {Optical and electrical properties of {Pt}-{Al}$_2${O}$_3$ cermet
	thin films near the percolation threshold},
  journal = {Thin Solid Films},
  volume = {125},
  year = {1985},
  pages = {171-177}
}

@PHDTHESIS{TH-BES2002,
  author = {S. Besson},
  title = {Organized mesoporous silica films: synthesis, characterization of
	the structure and application to the growth of nanoparticles},
  school = {Ecole Polytechnique},
  year = {2002}
}

@ARTICLE{BHA2007NANO,
  author = {R. R. Bhat and J. Genzer},
  title = {Tuning the number density of nanoparticles by multivariant tailoring
	of attachment points on flat substrates},
  journal = {Nanotechnology},
  year = {2007}
}

@ARTICLE{BIL1994SCI,
  author = {I. M. L. Billas and A. Ch\^atelain and W. A. de Heer},
  title = {Magnetism from the Atom to the Bulk in Iron, Cobalt, and Nickel Clusters},
  journal = {Science},
  volume = {265},
  year = {1994},
  pages = {1682-1684}
}

@ARTICLE{CHR2004TSF,
  author = {F.X. Bock and T.M. Christensen and S.B. Rivers and L.D. Doucette
	and R.J. Lad},
  title = {Growth and structure of silver and silver oxide thin films on sapphire},
  journal = {Thin Solid Films},
  volume = {468},
  year = {2004},
  pages = {57-64}
}

@PHDTHESIS{TH-BORCA2007,
  author = {B. Borca},
  title = {Étude de la croissance et des propriétés magnétiques de systèmes
	auto-organisés de nanofils de Fer(110)},
  school = {Universit\'e Joseph Fourier - Grenoble 1},
  year = {2007}
}

@ARTICLE{BOR2005PSS,
  author = {Y. Borensztein and N. Witkowski and G. Baudot and Y. Girard and S.
	Rousset},
  title = {Investigation of cobalt nanodots on a {Au} vicinal surface by optical
	excitation of plasmon-like resonances using reflectance anisotropy
	spectroscopy},
  journal = {Phys. Stat. Sol. (c)},
  volume = {2},
  year = {2005},
  pages = {4072-4077}
}

@ARTICLE{BRA1994MRT,
  author = {S. A. Bradley and M. J. Cohn and S. J. Pennycook},
  title = {Z-contrast imaging of supported {Pt} and {Pd} clusters},
  journal = {Microscopy Research and Technique},
  volume = {28},
  year = {1994},
  pages = {427-429}
}

@ARTICLE{BRA2005JAP,
  author = {M. Brands and B. Leven and G. Dumpich},
  title = {Influence of thickness and cap layer on the switching behavior of
	single {Co} nanowires},
  journal = {J. Appl. Phys.},
  volume = {97},
  year = {2005},
  pages = {114311}
}

@BOOK{B-BRE1958,
  title = {Growth and Perfection of Crystals},
  publisher = {John Wiley \& Sons, New York},
  year = {1958},
  author = {S. S. Brenner}
}

@ARTICLE{PIL2005JPCB,
  author = {A. Brioude and X. C. Jiang and M. P. Pileni},
  title = {Optical Properties of Gold Nanorods: DDA Simulations Supported by
	Experiments},
  journal = {Journal of Physical Chemistry B},
  year = {2005}
}

@ARTICLE{BRO2000PRB,
  author = {M. L. Brongersma and J. W. Hartman and H. A. Atwater},
  title = {Electromagnetic energy transfer and switching in nanoparticle chain
	arrays below the diffraction limit},
  journal = {Phys. Rev. B},
  volume = {62},
  year = {2000},
  pages = {R16356}
}

@BOOK{B-SMI1992,
  title = {Smithells Metals Reference Book 7$^{th}$ edition},
  publisher = {Butterworth-Heinemann},
  year = {1997},
  author = {E. A. Brandes \& G. B. Brook}
}

@ARTICLE{BRU1935AP,
  author = {D.A.G Bruggeman},
  title = {{B}erechnung verschiedener physikalischer {K}onstanten von heterogenen
	{S}ubstanzen},
  journal = {Ann. Phys. (Leipz.)},
  volume = {24},
  year = {1935},
  pages = {636-679}
}

@ARTICLE{BRU2003APL,
  author = {D. M. Bruls and P. M. Koenraad and H. W. M. Salemink and J. H. Wolter
	and M. Hopkinson and M. S. Skolnick},
  title = {Stacked low-growth-rate InAs quantum dots studied at the atomic level
	by cross-sectional scanning tunneling microscopy},
  journal = {Appl. Phys. Lett.},
  volume = {82},
  year = {2003},
  pages = {3758-3760}
}

@ARTICLE{BRU1998SSR,
  author = {H. Brune},
  title = {Microscopic view of epitaxial metal growth : nucleation and aggregation},
  journal = {Surf. Sci. Rep.},
  volume = {31},
  year = {1998},
  pages = {121-229}
}

@ARTICLE{BRUI1998NAT,
  author = {H. Brune and M. Giovannini and K. Bromann and K. Kern},
  title = {Self-organized growth of nanostructure arrays on strain-relief patterns},
  journal = {Nature},
  volume = {394},
  year = {1998},
  pages = {451}
}

@ARTICLE{BUF1976PRA,
  author = {P. Buffat and J. P. Borel},
  title = {Size effect on the melting temperature of gold particles},
  journal = {Phys. Rev. A},
  volume = {13},
  year = {1976},
  pages = {2287}
}

@ARTICLE{BYO2003APL,
  author = {E. Byon and T. W. H. Oates and A. Anders},
  title = {Coalescence of nanometer silver islands on oxides grown by filtered
	cathodic arc deposition},
  journal = {Appl. Phys. Lett.},
  volume = {82},
  year = {2003},
  pages = {1634-1636}
}

@ARTICLE{LOO2004NAN,
  author = {C-K Loong, P Thiyagarajan and A I Kolesnikov},
  title = {Neutron-scattering characterization of nanostructured materials relevant
	to biotechnology},
  journal = {Nanotechnology},
  year = {2004}
}

@ARTICLE{DAH2006APL,
  author = {C. Dahmen, A. N. Sprafke, H. Dieker, M. Wuttig and G. von Plessen},
  title = {Optical and structural changes of silver nanoparticles during photochromic
	transformation},
  journal = {Applied Physics Letters},
  year = {2006}
}

@ARTICLE{NOG2000PRB,
  author = {C. E. Roman-Velazquez, C. Noguez and R. G. Barrera},
  title = {Substrate effects on the optical properties of spheroidal nanoparticles},
  journal = {Physical Review B},
  year = {2000}
}

@ARTICLE{NOG2004JPCM,
  author = {C. Noguera, Fabio Finocchi and Jacek Goniakowski},
  title = {First principles studies of complex oxide surfaces and interfaces},
  journal = {Journal of Physics : Condensed Matter},
  year = {2004}
}

@ARTICLE{CAM2007EPL,
  author = {S. Camelio and D. Babonneau and D. Lantiat and L. Simonot},
  title = {Self-organized growth and optical properties of silver nanoparticle
	chains and stripes},
  journal = {Europhys. Lett.},
  volume = {79},
  year = {2007},
  pages = {47002}
}

@ARTICLE{CAM2005APB,
  author = {S. Camelio and J. Toudert and D. Babonneau and T. Girardeau},
  title = {Tailoring of the optical properties of {Ag} : {Si}${_3}${N}${_4}$
	nanocermets by changes of the cluster morphology},
  journal = {Appl. Phys. B},
  volume = {80},
  year = {2005},
  pages = {89-96}
}

@ARTICLE{CAM1997SSR,
  author = {C. T. Campbell},
  title = {Ultrathin metal films and particles on oxide surfaces: structural,
	electronic and chemisorptive properties},
  journal = {Surf. Sci. Rep.},
  volume = {27},
  year = {1997},
  pages = {1-111}
}

@ARTICLE{CAP2003APL,
  author = {G. Capellini and M. De Seta and C. Spinella and F. Evangelisti},
  title = {Ordering self-assembled islands without substrate patterning},
  journal = {Appl. Phys. Lett.},
  volume = {82},
  year = {2003},
  pages = {1772-1774}
}

@PHDTHESIS{TH-CARREY2001,
  author = {J. Carrey},
  title = {Croissance granulaire d'or et de cobalt sur alumine amorphe : caract\'erisations
	et simulations de Monte-Carlo},
  school = {Universit\'e Paris {XI}},
  year = {2001}
}

@ARTICLE{CAR2002SS,
  author = {J. Carrey and J. -L. Maurice and F. Petroff and A. Vaur{\`e}s},
  title = {Growth of {Au} clusters on amorphous {Al}${_2}${O}${_3}$: Are small
	clusters more mobile than atoms ?},
  journal = {Surf. Sci.},
  volume = {504},
  year = {2002},
  pages = {75-82}
}

@ARTICLE{CAR2001PRL,
  author = {J. Carrey and J. -L. Maurice and F. Petroff and A. Vaur{\`e}s},
  title = {Growth of {Au} Clusters on Amorphous {Al}${_2}${O}${_3}$: Evidence
	of Cluster Mobility above a Critical Size},
  journal = {Phys. Rev. Lett.},
  volume = {86},
  year = {2001},
  pages = {4600-4603}
}

@ARTICLE{CER1997IEEE,
  author = {F. Cerrina},
  title = {Application of {X}-{R}ays to nanolithography},
  journal = {Proc. IEEE},
  volume = {85},
  year = {1997},
  pages = {644-651}
}

@ARTICLE{CHI2003JAP,
  author = {Y. Chiu and U. Rambabu and M.-H. Hsu and H.-P. D. Shieh and C.-Y.
	Chen and H.-H. Lin},
  title = {fabrication and nonlinear optical properties of nanoparticle silver
	oxide films},
  journal = {J. Appl. Phys.},
  volume = {94},
  year = {2003},
  pages = {1996-2001}
}

@ARTICLE{CHO2004STAM,
  author = {G. B. Cho and M. Yamamoto and Y. Endo},
  title = {Film thickness dependence on morphology of Fe films on self-organized
	{SrTiO$_3$}($001$) substrates with inclined angles},
  journal = {Science and Technology of Advanced Materials},
  volume = {5},
  year = {2004},
  pages = {89-94}
}

@ARTICLE{CHO2004TSF,
  author = {S. H. Cho and S. Lee and D. Y. Ku and T. S. Lee and B. Cheong and
	W. M. Kim and K. S. Lee},
  title = {Growth behavior and optical properties of metal-nanoparticle dispersed
	dielectric thin films formed by alternating sputtering},
  journal = {Thin Solid Films},
  volume = {447-448},
  year = {2004},
  pages = {68-73}
}

@ARTICLE{CHO1997JVTB,
  author = {Y. Chou and R. P. Krauss and W. Zhang and L. Guo and L. Zhuang},
  title = {Sub-10 nm imprint lithography and applications},
  journal = {J. Vac. Technol. B},
  volume = {15},
  year = {1997},
  pages = {2897-2904}
}

@ARTICLE{COM2000PRL,
  author = {N. Combe and P. Jensen and A. Pimpinelli},
  title = {Changing shapes in the nanoworld},
  journal = {Phys. Rev. Lett.},
  volume = {85},
  year = {2000},
  pages = {110-113}
}

@ARTICLE{COR2006APL,
  author = {J. Coraux and H. Renevier and V. Favre-Nicolin and G. Renaud and
	B. Daudin},
  title = {In situ resonant x-ray study of vertical correlation and capping
	effects during {GaN/AlN} quantum dot growth},
  journal = {Appl. Phys. Lett.},
  volume = {88},
  year = {2006},
  pages = {153125-153128}
}

@ARTICLE{MAN2006PRL,
  author = {G. Costantini and A. Rastelli and C. Manzano and P. Acosta-Diaz and
	R. Songmuang and G. Katsaros and O. G. Schmidt and K. Kern},
  title = {Interplay between Thermodynamics and Kinetics in the capping of {InAs/GaAs}(001)
	Quantum Dots},
  journal = {Phys. Rev. Lett.},
  volume = {96},
  year = {2006},
  pages = {226106-226110}
}

@ARTICLE{COX1993PRL,
  author = {A. J. Cox and J. G. Louderback and L. A. Bloomfield},
  title = {Experimental observation of magnetism in Rhodium clusters},
  journal = {Phys. Rev. Lett.},
  volume = {71},
  year = {1993},
  pages = {923-926}
}

@ARTICLE{CUI2007ME,
  author = {B. Cui and T. Veres},
  title = {Fabrication of metal nanoring array by nanoimprint lithography {(NIL)}
	and reactive ion etching},
  journal = {Microelectronic Engineering},
  volume = {84},
  year = {2007},
  pages = {1544-1547}
}

@ARTICLE{MOS1993JMR,
  author = {D. Al-Mawlawi, C.Z. Liu, and M. Moskovits},
  title = {Nanowires formed in anodic oxide nanotemplates},
  journal = {J. Mater. Res.},
  year = {1994}
}

@ARTICLE{JEO2004JKPS,
  author = {D. Jeong, J. Lee, H. Shin, J. Lee and J. Kim},
  title = {Synthesis of metal-oxide nanotabular structures by using atomic layer
	deposition on nanotemplates},
  journal = {Journal of the Korean Physical Society},
  year = {2004}
}

@ARTICLE{DAI2008ME,
  author = {T. Dai and X. Kang and B. Zhang and J. Xu and K. Bao and C. Xiong
	and Z. Gan},
  title = {Study and formation of 2D microstructures of sapphire by focused
	ion beam milling},
  journal = {Microelec. Eng.},
  volume = {85},
  year = {2008},
  pages = {640-645}
}

@ARTICLE{DAK2000AO,
  author = {A. Dakka and J. Lafait and C. Sella and S. Berthier and M. Abd-Lefdil
	and J. C. Martin and M. Maaza},
  title = {Optical Properties of {Ag}-{TiO}$_2$ nanocermet films prepared by
	cosputtering and multilayer deposition techniques},
  journal = {Appl. Optics},
  volume = {39},
  year = {2000},
  pages = {2745-2753}
}

@ARTICLE{DAN2007PRL,
  author = {M. Danckwerts and L. Novotny},
  title = {Optical Frequency Mixing at Coupled Gold Nanoparticles},
  journal = {Phys. Rev. Lett.},
  volume = {98},
  year = {2007},
  pages = {026104}
}

@ARTICLE{BEC2005SS,
  author = {S. Degen and A. Krupski and M. Kralj and A. Langner and C. Becker
	and M. Sokolowski and K. Wandelt},
  title = {Determination of the coincidence lattice of an ultra thin {Al}$_2${O}$_3$
	film on {Ni}$_3${Al}($111$)},
  journal = {Surf. Sci.},
  volume = {576},
  year = {2005},
  pages = {L57-64}
}

@ARTICLE{DEV2003APL,
  author = {E. Devaux and T. W. Ebbesen and J. -C. Weeber and A. Dereux},
  title = {Launching and decoupling surface plasmons via micro-gratings},
  journal = {Appl. Phys. Lett.},
  volume = {83},
  year = {2003},
  pages = {4936-4938}
}

@ARTICLE{DIT2005PRL,
  author = {H. Ditlbacher and A. Hohenau and D. Wagner and U. Kreibig and M.
	Rogers and F. Hofer and F. R. Aussenegg and J. R. Krenn},
  title = {Silver Nanowires as Surface Plasmon Resonators},
  journal = {Phys. Rev. Lett.},
  volume = {95},
  year = {2005},
  pages = {257403}
}

@ARTICLE{DUR2001JCG,
  author = {V. Dureuil and C. Ricolleau and M. Gandais and C. Grigis and J. P.
	Lacharme and A. Naudon},
  title = {Growth and morphology of cobalt nanoparticles on alumina},
  journal = {J. Cryst. Growth},
  volume = {233},
  year = {2001},
  pages = {737-748}
}

@ARTICLE{HUT2004AMR,
  author = {E. Hutter, J. H. Fendler},
  title = {Exploitation of localized surface plasmon resonance},
  journal = {Advanced Materials Review},
  year = {2004}
}

@ARTICLE{HAW2007JQS,
  author = {E.A. Hawes, J.T. Hastings, C. Crofcheck, M.P. Mengü},
  title = {Spectrally selective heating of nanosized particles by surface plasmon
	resonance},
  journal = {Journal of Quantitative Spectroscopy \& Radiative Transfe},
  year = {2007}
}

@ARTICLE{EBE2002SS,
  author = {W. Eberhardt},
  title = {Clusters as new materials},
  journal = {Surf. Sci.},
  volume = {500},
  year = {2002},
  pages = {242-270}
}

@ARTICLE{ELL2002SS,
  author = {H. Ellmer and V. Repain and M. Sotto and S. Rousset},
  title = {Prestructured metallic template for the growth of ordered, square-based
	nanodots},
  journal = {Surf. Sci.},
  volume = {511},
  year = {2002},
  pages = {183}
}

@ARTICLE{ERH2003NAT,
  author = {D. Erhardt},
  title = {Materials Conservation: Not-so-new technology},
  journal = {Nature Materials},
  volume = {2},
  year = {2003},
  pages = {509-510}
}

@ARTICLE{ERR2001NIMPRB,
  author = {H. Errahmani and A. Berrada and S. Colis and G. Schmerber and A.
	Dinia and D. Muler},
  title = {Structural and magnetic studies of {CoCu} granular alloy obtained
	by ionic implantation of {Co} into a {Cu} matrix},
  journal = {Nucl. Instr. Meth. Phys. Res. B},
  volume = {178},
  year = {2001},
  pages = {69-73}
}

@ARTICLE{EST1997JMMM,
  author = {C. Estourn\`es and T. Lutz and J. Happich and T. Quaranta and P.
	Wissler and J. L. Guille},
  title = {Nickel nanoparticles in silica gel: Preparation and magnetic properties},
  journal = {J. Magn. Magn. Mater.},
  volume = {173},
  year = {1997},
  pages = {83-92}
}

@ARTICLE{SIL2004PRL,
  author = {F. Silly, M. Pivetta, M. Ternes, F. Patthey, J. P. Pelz and W-D Schneider},
  title = {Creation of Atomic superlattice by immersing metallic adatoms in
	two-dimensional electron sea},
  journal = {Physical Review Letters},
  year = {2004}
}

@ARTICLE{FED2004JOP,
  author = {V. A. Fedotov and V. I. Emel'yanov and K. F. MacDonald and N. I.
	Zheludev},
  title = {Optical properties of closely packed nanoparticle films : spheroids
	and nanoshells},
  journal = {J. Opt. A : Pure Appl. Opt.},
  volume = {6},
  year = {2004},
  pages = {155-160}
}

@ARTICLE{FED1993PRB,
  author = {S. Fedrigo and W. Harbich and J. Buttet},
  title = {Collective dipole oscillations in small silver clusters embedded
	in rare-gas matrices},
  journal = {Phys. Rev. B},
  volume = {47},
  year = {1993},
  pages = {10706-10715}
}

@ARTICLE{FER1996JRS,
  author = {M. Ferrari and F. Gonella and M. Montagna and C. Tosello},
  title = {Waveguide Raman Spectroscopy as a Tool for the Detection of Nanometric
	Metallic Particles in Glasses},
  journal = {Journal of Raman Spectroscopy},
  year = {1996}
}

@ARTICLE{FER1995JNCS,
  author = {M. Ferrari and L. M. Gratton and A. Maddalena and M. Montagna and
	C. Tosello},
  title = {Preparation of silver nanoparticles in silica films by combined thermal
	and electron-beam deposition},
  journal = {J. Non-Cryst. Solids},
  volume = {191},
  year = {1995},
  pages = {101-106}
}

@ARTICLE{FOR2003NANO,
  author = {E. Fort and C. Ricolleau and J. Sau-Pueyo},
  title = {Dichro\"ic thin films of silver nanoparticle chain arrays on faceted
	alumina templates},
  journal = {Nanoletters},
  volume = {3},
  year = {2003},
  pages = {65-67}
}

@ARTICLE{FRA1949PRS,
  author = {F. C. Frank and J. H. van Der Merwe},
  title = {One-dimensional dislocations I. Static theory},
  journal = {Proc. R. Soc. London Ser. A},
  volume = {198},
  year = {1949},
  pages = {205}
}

@ARTICLE{FUK1994JAP,
  author = {F. Fukumi and A. Chayahara and K. Kadono and T. Sakaguchi and Y.
	Horino and M. Miya and K. Fujii and J. Hayakawa and M. Satou},
  title = {Gold nanoparticles ion implanted in glass with enhanced nonlinear
	optical properties},
  journal = {J. Appl. Phys.},
  volume = {75},
  year = {1994},
  pages = {3075-3080}
}

@ARTICLE{FUN2008OC,
  author = {K. H. Fung and C. T. Chan},
  title = {A computational study of the optical response of strongly coupled
	metal nanoparticle chains},
  journal = {Optics Communications},
  volume = {281},
  year = {2008},
  pages = {855-864}
}

@ARTICLE{CHO2002JJAP,
  author = {G. B. Cho, M. Yamamoto and Y. Kamada},
  title = {Morphology of Fe film grown on self-organizaed SrTiO3(001) substrates
	with inclined angles},
  journal = {J. J. Appl. Phys.},
  year = {2002}
}

@ARTICLE{CHO2003JJAP,
  author = {G. B. Cho, M. Yamamoto, Y. Endo, Y. Shiratsuchi, Y. Kamada, K. Sato},
  title = {Magnetic Property and Morphology of Fe film grown on self-organized
	SrTiO3(001) substrate with inclined angle},
  journal = {Japanese Journal of Applied Physics},
  year = {2003}
}

@ARTICLE{GEN2003SS,
  author = {G. Geneste, J. Morillo, F. Finocchi},
  title = {Ab initio study of MgO stoichiometric clusters on the MgO(001) flat
	surface},
  journal = {Surface Science},
  year = {2003}
}

@ARTICLE{GAM2002NAT,
  author = {P. Gambardella and A. Dallmeyer and K. Maiti and M. C. Malagoli and
	W. Eberhardt and K. Kern and C. Carbone},
  title = {Ferromagnetism in one-dimensional monoatomic metal chains},
  journal = {Nature},
  volume = {416},
  year = {2002},
  pages = {301-303}
}

@ARTICLE{GAR1999CPL,
  author = {M. A. Garc{\'i}a and J. Llopis and S. E. Paje},
  title = {A simple model for evaluating the optical absorption spectrum from
	small {Au}-colloids in sol-gel films},
  journal = {Chem. Phys. Lett.},
  volume = {315},
  year = {1999},
  pages = {313-320}
}

@ARTICLE{MAX1904PTL,
  author = {J. C. Maxwell Garnett},
  title = {Colours in metal glasses and in metallic films},
  journal = {Philos. Trans. Lond.},
  volume = {203},
  year = {1904},
  pages = {385-420}
}

@ARTICLE{GER2001ME,
  author = {A. Gerardino and E. Di Fabrizio and A. Nottola and S. Cabrini and
	G. Giannini and L. Mastrogiacomo and G. Gubbiotti and P. Candeloro
	and G. Carlotti},
  title = {Electron-beam lithography patterning of magnetic nickel films},
  journal = {Microelec. Eng.},
  volume = {57-58},
  year = {2001},
  pages = {931-937}
}

@ARTICLE{GIR2004TSF,
  author = {T. Girardeau and S. Camelio and D. Babonneau and J. Toudert and A.
	Barranco},
  title = {Correlations between the microstructure of {Ag}-{Si}$_3${N}$_4$ multilayers
	and their optical properties},
  journal = {Thin Solid Films},
  year = {2004}
}

@ARTICLE{GON2007RAMS,
  author = {F. Gonella},
  title = {Metal nanocluster composite silicate glasses},
  journal = {Rev. Adv. Mater. Sci.},
  volume = {14},
  year = {2007},
  pages = {134-143}
}

@ARTICLE{GON2001JNCS,
  author = {F. Gonella and E. Cattaruzza and G. Battaglin and F. D'acapito and
	C. Sada and P. Mazzoldi and C. Maurizio and G. Mattei and A. Martorana
	and A. Longo and F. Zontone},
  title = {Double implantation in silica glass for metal cluster composite formation
	: A study by synchrotron radiation techniques},
  journal = {J. Non-cryst. Solids},
  volume = {280},
  year = {2001},
  pages = {241-248}
}

@ARTICLE{GON2004APL,
  author = {Q. Gong and P. Offermans and R. N\"otzel and P. M. Koenraad and J.
	H. Wolter},
  title = {Capping process of {InAs}/{GaAs} quantum dots studied by cross-sectional
	scanning tunneling microscopy},
  journal = {Appl. Phys. Lett.},
  volume = {85},
  year = {2004},
  pages = {5697-5699}
}

@ARTICLE{CER2006JPCS,
  author = {L. Cervera Gontard and R. E. Dunin-Borkowski and D. Ozkaya and T.
	Hyde and P. A. Midgley and P. Ash},
  title = {Crystal size and shape analysis of {Pt} nanoparticles in two and
	three dimensions},
  journal = {J. Phys.: Conf. Ser.},
  volume = {26},
  year = {2006},
  pages = {367-370}
}

@ARTICLE{GON2008JPPC,
  author = {A. L. Gonz\'alez and J. A. Reyes-Esqueda and C. Noguez},
  title = {Optical Properties of Elongated Noble Metal Nanoparticles},
  journal = {J. Phys. Chem. C},
  volume = {112},
  year = {2008},
  pages = {7356}
}

@PHDTHESIS{TH-GONZ2006,
  author = {Rafael Garc\'ia Gonz\'alez},
  title = {Etude du comportement sous d\'eformation de copolym\`eres \`a blocs
	{SBS} et {SBM} \`a morphologie lamellaire},
  school = {Institut national des sciences appliqu\'ees de Lyon},
  year = {2006}
}

@ARTICLE{NOG2007JCTN,
  author = {A. L. Gonzalez and C. Noguez},
  title = {Influence of Morphology on the Optical Properties of Metal Nanoparticles},
  journal = {J. Comput. Theor. Nanosci.},
  volume = {4},
  year = {2007},
  pages = {231-238}
}

@ARTICLE{NOG2007PSS,
  author = {A. L. Gonzalez and C. Noguez},
  title = {Optical Properties of Silver Nanoparticles},
  journal = {Physica Status Soildi},
  volume = {4},
  year = {2007},
  pages = {4118}
}

@ARTICLE{GON2003JPCM,
  author = {J. Gonzalo and R. Serna and J. Sol\'is and D. Babonneau and C. N.
	Afonso},
  title = {Morphological and interaction effects on the surface plasmon resonance
	of metal nanoparticles},
  journal = {J. Phys.: Condens. Matter},
  volume = {15},
  year = {2003},
  pages = {S3001-S3010}
}

@ARTICLE{GOT1996APB,
  author = {W. Gotschy and K. Vonmetz and A. Leitner and F. R. Aussenegg},
  title = {Thin films by regular patterns of metal nanoparticles: tailoring
	the optical properties by nanodesign},
  journal = {Appl. Phys. B},
  volume = {63},
  year = {1996},
  pages = {381-384}
}

@ARTICLE{GRA2006PLA,
  author = {J. Grand and P.-M. Adam and A.-S. G. and A. Vial and M. Lamy de la
	Chapelle and J.-L. Bijeon and S. Kostcheev and P. Royer},
  title = {Optical Extinction Spectroscopy of Oblate, Prolate and Ellipsoid
	Shaped Gold Nanoparticles : Experiments and Theory},
  journal = {Plasmonics},
  volume = {1},
  year = {2006},
  pages = {135-140}
}

@ARTICLE{GRA1976SSC,
  author = {C. G. Granqvist and R. A. Burhman},
  title = {Log-normal size distributions of ultrafine metal particles},
  journal = {Solid State Comm.},
  volume = {18},
  year = {1976},
  pages = {123-126}
}

@ARTICLE{GUA2005NANO,
  author = {Y. F. Guan and A. J. Pedraza},
  title = {Synthesis of aligned nanoparticles on laser-generated templates},
  journal = {Nanotechnology},
  volume = {16},
  year = {2005},
  pages = {1612-1618}
}

@ARTICLE{PED2004JVST,
  author = {Y. F. Guan and A. J. Pedraza and J. D. Fowlkes and D. A. Joy},
  title = {Nanostructures produced by ultraviolet laser irradiation of silicon.
	II. Nanoprotrusions and nanoparticles},
  journal = {J. Vac. Sci. Technol. B},
  volume = {22},
  year = {2004},
  pages = {2836-2843}
}

@ARTICLE{GUC2004TIC,
  author = {L. Guczi and G. Pet\"o and A. Beck and Z. P\'aszti},
  title = {Electronic Structure and Catalytic Properties of Transition Metal
	Nanoparticles: The Effect of Size Reduction: Recent Trends in Cross-Disciplinary
	Vision of Catalysis},
  journal = {Topics in Catalysis},
  volume = {29},
  year = {2004},
  pages = {129-138}
}

@ARTICLE{GYU1954ZP,
  author = {Z. Guylai},
  title = {Festigkeits- und Plastizit\"atseigenschaften von {NaCl}-Nadelkristallen},
  journal = {Z. Phys.},
  volume = {138},
  year = {1954},
  pages = {317}
}

@ARTICLE{CHE2006CPL,
  author = {H. M. Chen, R.S. Liu, L.-Y. Jang, J.-F. Lee, S.F. Hu},
  title = {Characterization of core–shell type and alloy Ag/Au bimetallic clusters
	by using extended X-ray absorption fine structure spectroscopy},
  journal = {Chemical Physics Letters},
  year = {2006}
}

@ARTICLE{HAU1996PRB,
  author = {K. H\"ausler and K. Eberl and F. Noll and A. Trampert},
  title = {Strong alignment of self-assembling InP quantum dots},
  journal = {Phys. Rev. B},
  volume = {54},
  year = {1996},
  pages = {4913}
}

@ARTICLE{HAA2000PRB,
  author = {G. Haas and A. Menck and H. Brune and J. V. Barth and J. A. Venables},
  title = {Nucleation and growth of supported clusters at defect sites: {Pd/MgO}(001)},
  journal = {Phys. Rev. B},
  volume = {61},
  year = {2000},
  pages = {11105}
}

@ARTICLE{HAE2002JACS,
  author = {A. J. Haes and R. P. Van Duyne},
  title = {A Nanoscale Optical Biosensor: Sensitivity and Selectivity of an
	Approach Based on the Localized Surface Plasmon Resonance Spectroscopy
	of Triangular Silver Nanoparticles},
  journal = {J. Am. Chem. Soc.},
  volume = {124},
  year = {2002},
  pages = {10596-10604}
}

@ARTICLE{HAL1951PPSC,
  author = {E. O. Hall},
  title = {The Deformation and Aging of Mild Steel. III. {D}iscuss},
  journal = {Proc. Phys. Soc., Ser. B},
  volume = {64},
  year = {1951},
  pages = {747-753}
}

@ARTICLE{HAM2003NAN,
  author = {I. W. Hamley},
  title = {Nanostructure fabrication using block copolymers},
  journal = {Nanotechnology},
  volume = {14},
  year = {2003},
  pages = {R39-R54}
}

@ARTICLE{HAM2006NAN,
  author = {G. Hamm and C. Becker and C. R. Henry},
  title = {Bimetallic Pd-Au nanocluster arrays grown on nanostructured alumina
	templates},
  journal = {Nanotechnology},
  volume = {17},
  year = {2006},
  pages = {1943-1947}
}

@ARTICLE{HAN2005SS,
  author = {A. Hannour and L. Bardotti and B. Pr\'evel and E. Bernstein and P.
	M\'elinon and A. Perez and J. Gierak and E. Bourhis and D. Mailly},
  title = {{2D} arrays of {CoPt} nanocluster assemblies},
  journal = {Surf. Sci.},
  volume = {594},
  year = {2005},
  pages = {1-11}
}

@ARTICLE{HAR1997CAT,
  author = {M. Haruta},
  title = {Size- and support-dependency in the catalysis of gold},
  journal = {Catalysis Today},
  volume = {36},
  year = {1997},
  pages = {153-166}
}

@ARTICLE{HAR2001ACA,
  author = {M. Haruta and M. Dat\'e},
  title = {Advances in the catalysis of {Au} nanoparticles},
  journal = {Applied Catalysis A: General},
  volume = {222},
  year = {2001},
  pages = {427-437}
}

@ARTICLE{HAR1997CL,
  author = {M. Haruta and T. Nakamura and S. Tsubota and G. R. Bamwenda},
  title = {The influence of the preparation methods on the catalytic activity
	of platinum and gold supported on {Ti}{O}$_2$ for {CO} oxidation},
  journal = {Catalysis Letters},
  volume = {44},
  year = {1997},
  pages = {83-87}
}

@ARTICLE{SUG2007ASS,
  author = {N. Hayashi and K. Aratake and R. Okushio and T. Iwai and A. Sugawara
	and H. Sano and G. Mizutani},
  title = {Optical second harmonic generation from {Pt} nanowires},
  journal = {Applied Surface Science},
  volume = {253},
  year = {2007},
  pages = {8933-8938}
}

@ARTICLE{HAY2003NAN,
  author = {C. L. Haynes and R. P. Van Duyne},
  title = {Dichro\"ic optical properties of extended nanostructures fabricated
	using angle-resolved nanosphere lithography},
  journal = {Nanoletters},
  volume = {3},
  year = {2003},
  pages = {939-943}
}

@ARTICLE{HAY2001JPCB,
  author = {C. L. Haynes and R. P. Van Duyne},
  title = {Nanosphere Lithography: A Versatile Nanofabrication Tool for Studies
	of Size-Dependent Nanoparticle Optics},
  journal = {J. Phys. Chem. B},
  volume = {105},
  year = {2001},
  pages = {5599-5611}
}

@ARTICLE{HEN2004APL,
  author = {S. J. Henley and C. H. P. Poa and A. A. D. T. Adikaari and C. E.
	Giusca and J. D. Carey and S. R. P. Silva},
  title = {Excimer laser nanostructuring of nickel thin films for the catalytic
	growth of carbon nanotubes},
  journal = {Appl. Phys. Lett.},
  volume = {84},
  year = {2004},
  pages = {4035}
}

@ARTICLE{HEN2005PSS,
  author = {C. R. Henry},
  title = {Morphology of supported nanoparticles},
  journal = {Progress in Surface Science},
  volume = {80},
  year = {2005},
  pages = {92-116}
}

@ARTICLE{HEN1998SSR,
  author = {C. R. Henry},
  title = {Surface studies of supported model catalysts},
  journal = {Surf. Sci. Rep.},
  volume = {31},
  year = {1998},
  pages = {231-325}
}

@ARTICLE{HIL2001APB,
  author = {A. Hilger and M. Tenfelde and U. Kreibig},
  title = {Silver nanoparticles deposited on dielectric surfaces},
  journal = {Appl. Phys. B},
  volume = {73},
  year = {2001},
  pages = {361-372}
}

@ARTICLE{HOH2006PE,
  author = {U. Hohenester},
  title = {Optical near-field mapping of bright and dark quantum dot states},
  journal = {Physica E},
  volume = {35},
  year = {2006},
  pages = {229-233}
}

@ARTICLE{HOR2007RSI,
  author = {I. Horcas and R. Fernandez and J.M. Gomez-Rodriguez and J. Colchero
	and J. Gomez-Herrero and A.M. Baro},
  title = {{WSXM}: {A} software for scanning probe microscopy and a tool for
	nanotechnology},
  journal = {Review of Scientific Instruments},
  volume = {78},
  year = {2007},
  pages = {013705}
}

@ARTICLE{HUA2006RAMS,
  author = {H. Huang},
  title = {Fabrication and Mechanics of Nanorods},
  journal = {Rev. Adv. Mater.},
  year = {2006}
}

@ARTICLE{HUI2003RAMS,
  author = {M. A. Van Huis and A. Van Veen and H. Schut and S. W. H. Eijt and
	B. J. Kooi and J. Th. M. De Hosson and T. Hibma},
  title = {Optical and structural properties of {Li}, {Zn}, {Ag} and {Au} nanoclusters
	embedded in {MgO}},
  journal = {Rev. Adv. Mater. Sci.},
  volume = {4},
  year = {2003},
  pages = {60-64}
}

@ARTICLE{HUO1994NAT,
  author = {Q. Huo and D. I. Margolese and U. Ciesla and P. Feng and T. E. Gier
	and P. Sieger and R. Leon and P. M. Petroff and F. Sch\"uth and G.
	D. Stucky},
  title = {Generalized Synthesis of periodic surfactant/inorganic composite
	materials},
  journal = {Nature},
  volume = {368},
  year = {1994},
  pages = {317-321}
}

@ARTICLE{HUT2002AFM,
  author = {M. Huth and K. A. Ritley and J. Oster and H. Dosch and H. Adrian},
  title = {Highly Ordered {Fe} and {Nb} Stripe Arrays on Facetted- {Al}$_2${O}$_3$
	($10\overline{1}0$)},
  journal = {Adv. Funct. Mater.},
  volume = {12},
  year = {2002},
  pages = {333}
}

@ARTICLE{HUT2004JAP,
  author = {Y. Huttel and H. G{\'o}mez and C. Clavero and A. Cebollada and G.
	Armelles and E. Navarro and M. Ciria and L. Benito and J. I. Arnaudas
	and A. J. Kellock},
  title = {Cobalt nanoparticles deposited and embedded in {AlN}: Magnetic,
	
	magneto-optical, and morphological properties},
  journal = {J. Appl. Phys.},
  volume = {96},
  year = {2004},
  pages = {1666-1673}
}

@ARTICLE{HOV1993PRB,
  author = {H. H{\"o}vel and S. Fritz and A. Hilger and U. Kreibig and M. Vollmer},
  title = {Width of cluster plasmon resonances: Bulk dielectric functions and
	chemical interface damping},
  journal = {Phys. Rev. B},
  volume = {48},
  year = {1993},
  pages = {18178}
}

@ARTICLE{HOV1997ZPD,
  author = {H. H{\"o}vel and A. Hilger and I. Nusch and U. Kreibig},
  title = {Experimental determination of deposition induced cluster deformation},
  journal = {Z. Phys. D: At. Mol. Clusters},
  volume = {42},
  year = {1997},
  pages = {203-208}
}

@BOOK{B-KER1987,
  title = {Morphology of Crystals},
  publisher = {Terra Scientific Pub. Company, Tokyo},
  year = {1987},
  author = {R. Kern dans I. Sunagawa}
}

@ARTICLE{IBA1997SSR,
  author = {H. Ibach},
  title = {The role of surface stress in reconstruction, epitaxial growth and
	stabilization of mesocopic structures},
  journal = {Surf. Sci. Rep.},
  volume = {29},
  year = {1997},
  pages = {193}
}

@ARTICLE{MAG1994JAP,
  author = {R. H. Magruder III and R. F. Haglund Jr and L. Yang and J. E. Wittig
	and R. A. Zuhr},
  title = {Physical and optical properties of {Cu} nanoclusters fabricated by
	ion implantation in fused silica},
  journal = {J. Appl. Phys.},
  volume = {76},
  year = {1994},
  pages = {708-715}
}

@ARTICLE{ITO2000NAT,
  author = {T. Ito and S. Okazaki},
  title = {Pushing the limits of lithography},
  journal = {Nature},
  volume = {406},
  year = {2000},
  pages = {1027-1031}
}

@ARTICLE{IWA1998JAP,
  author = {T. S. Iwayama and N. Kurumado},
  title = {Optical properties of silicon nanoclusters fabricated by ion implantation},
  journal = {Journal of Applied Physics},
  year = {1998}
}

@ARTICLE{CAR1999EPJD,
  author = {J. Briatico, J. -L. Maurice, J. Carrey, D. Imhoff , F.Petroff , and
	A. Vaures},
  title = {Structure of cobalt cluster films obtained by sputter deposition
	on alumina},
  journal = {Eur. Phys. J. D},
  year = {1999}
}

@ARTICLE{CAR2000ASS,
  author = {J. Carrey, J. -L. Maurice, P. Jensen , A. Vaurès},
  title = {Growth of cobalt clusters on amorphous alumina: comparison of TEM
	images with Monte-Carlo simulations},
  journal = {Applied Surface Science},
  year = {2000}
}

@ARTICLE{CAL2005JAP,
  author = {J. F. Calleja, M. C. Contreras, and R. Matarranz},
  title = {Effect of a capping layer on the magnetic properties of island nanostructured
	Fe(110)},
  journal = {Journal of Applied Physics},
  year = {2005}
}

@ARTICLE{MAR2006NAN,
  author = {J. Margueritat, J. Gonzalo and C. N. Afonso},
  title = {Surface plasmons and vibrations of self-assembled silver nanocolumns},
  journal = {Nanoletters},
  volume = {6},
  year = {2006},
  pages = {2037-2042}
}

@ARTICLE{JAM2001PRL,
  author = {M. Jamet and W. Wernsdorfer and C. Thirion and D. Mailly and V. Dupuis
	and P. M\'elinon and A. P\'erez},
  title = {Magnetic anisotropy of a single cobalt nanoparticle},
  journal = {Phys. Rev. Lett.},
  volume = {86},
  year = {2001},
  pages = {4676-4679}
}

@ARTICLE{JEN1999RMP,
  author = {P. Jensen},
  title = {Growth of nanostructures by cluster deposition: Experiments and simple
	model},
  journal = {Rev. Mod. Phys},
  volume = {71},
  year = {1999},
  pages = {1695-1735}
}

@ARTICLE{JIN1994PRB,
  author = {Y. Jinlong and F. Toigo and W. Kelin},
  title = {Structural, electronic, and magnetic properties of small rhodium
	clusters},
  journal = {Phys. Rev. B},
  volume = {50},
  year = {1994},
  pages = {7915-7924}
}

@ARTICLE{BAR2005NAT,
  author = {Johannes V. Barth, Giovanni Costantini, Klaus Kern},
  title = {Engineering atomic and molecular nanostructures at surfaces},
  journal = {Nature},
  volume = {437},
  year = {2005}
}

@ARTICLE{KUR2005NAN,
  author = {K. Kurihara, C. Rockstuhl, T. Nakano, T. Arai and J. Tominaga},
  title = {The size control of silver nano-particles in SiO2 matrix film},
  journal = {Nanotechnology},
  year = {2005}
}

@ARTICLE{SUD2004SS,
  author = {K. Sudoh, H. Iwasaki},
  title = {Step distribution on vicinal SrTiO3(001) surfaces},
  journal = {Surface Science Letters},
  year = {2004}
}

@BOOK{B-KAI1952,
  title = {Arbeitstatgung Festk\"{o}rper Physik},
  publisher = {Dresden},
  year = {1952},
  author = {R. Kaichew}
}

@ARTICLE{KAT2006APL,
  author = {G. Katsaros and A. Rastelli and M. Stoffel and G. Costantini and
	O. G. Schmidt and K. Kern and J. Tersoff and E. M\"{u}ller and H.
	von K\"{a}nel},
  title = {Evolution of buried semiconductor nanostructures and origin of stepped
	surface mounds during capping},
  journal = {Appl. Phys. Lett.},
  volume = {89},
  year = {2006},
  pages = {253105-253108}
}

@ARTICLE{KEL2003JPCB,
  author = {K. L. Kelly and E. Coronado and L. L. Zhao and G. C. Schatz},
  title = {The optical properties of metal nanoparticles: the influence of size,
	shape and dielectric environment},
  journal = {J. Phys. Chem. B},
  volume = {107},
  year = {2003},
  pages = {668}
}

@BOOK{B-BRO2007,
  title = {Surface Plasmon Nanophotonics},
  publisher = {Springer},
  year = {2007},
  author = {P. G. Kik and M. L. Brongersma}
}

@ARTICLE{KIT2003ASS,
  author = {T. Kitahara and A. Sugawara and H. Sano and G. Mizutani},
  title = {Anisotropic optical second-harmonic generation from the {Au} nanowire
	array on the {NaCl}($110$) template},
  journal = {Appl. Surf. Sci.},
  volume = {219},
  year = {2003},
  pages = {271-275}
}

@ARTICLE{KIT2001PRB,
  author = {T. Kitahara and H. Tanaka and Y. Nishioka},
  title = {Resonant surface second harmonic generation from {Au} films on {NaCl}($100$)},
  journal = {Physical Review B},
  year = {2001}
}

@ARTICLE{KOT2001OE,
  author = {Jörg P. Kottmann and Olivier J.F. Martin},
  title = {Plasmon resonant coupling in metallic nanowires},
  journal = {OPTICS EXPRESS},
  year = {2001}
}

@ARTICLE{MAR2001APB,
  author = {J. P. Kottmann and O. J. F. Martin},
  title = {Influence of the cross section and the permittivity on the plasmon-resonance
	spectrum of silver nanowires},
  journal = {Appl. Phys. B},
  year = {2001}
}

@ARTICLE{KRE1969ZP,
  author = {U. Kreibig and C. v. Fragstein},
  title = {The limitation of electron mean free path in small silver particles},
  journal = {Z. Phys. A},
  volume = {224},
  year = {1969},
  pages = {307}
}

@ARTICLE{KRE1985SS,
  author = {U. Kreibig and L. Genzel},
  title = {Optical absorption of small particles},
  journal = {Surf. Sci.},
  volume = {156},
  year = {1985},
  pages = {678}
}

@BOOK{B-KRE1995,
  title = {Optical Properties of Metal Clusters},
  publisher = {Springer-Verlag, Berlin},
  year = {1995},
  author = {U. Kreibig and M. Vollmer}
}

@ARTICLE{KUH2003JPCM,
  author = {K. Kuhnke and K Kern},
  title = {Vicinal metal surfaces as nanotemplates for the growth of low-dimensional
	structures},
  journal = {J. Phys.: Condens. Matter},
  volume = {15},
  year = {2003},
  pages = {S3311-S3335}
}

@ARTICLE{LIN2005ERS,
  author = {L. Lin, R. J. Blaikie, R. J. Reeves},
  title = {Surface-Plasmon-Enhanced Optical Transmission through Planar Metal
	Films},
  journal = {Progress In Electromagnetics Research Symposium 2005},
  year = {2005}
}

@ARTICLE{VAN1998SS,
  author = {L. Pham Van, O. Kurnosikov, J. Cousty},
  title = {Evolution of steps on vicinal (0001) surfaces of alpha-alumina},
  journal = {Surface Science},
  year = {1998}
}

@ARTICLE{LAM2000PRL,
  author = {B. Lamprecht and G. Schider and R. T. Lechner and H. Ditlbacher and
	J. R. Krenn and A. Leitner and F. R. Aussenegg},
  title = {Metal Nanoparticle Gratings: Influence of Dipolar Particle Interaction
	on the Plasmon Resonance},
  journal = {Phys. Rev. Lett.},
  volume = {84},
  year = {2000},
  pages = {4721}
}

@ARTICLE{LAN2007RAMS,
  author = {D. Lantiat and J. Toudert and D. Babonneau and S. Camelio and C.
	Tromas and L. Simonot},
  title = {Self-organization and optical response of silver nanoparticles dispersed
	in a dielectric matrix},
  journal = {Rev. Adv. Mater. Sci.},
  volume = {15},
  year = {2007},
  pages = {150-157}
}

@ARTICLE{LAZ2003PRB,
  author = {R. Lazzari and J. Jupille and J. -M. Layet},
  title = {Electron-energy-loss channels and plasmon confinement in supported
	silver particles},
  journal = {Phys. Rev. B},
  volume = {68},
  year = {2003},
  pages = {045428-38}
}

@ARTICLE{LEE2005JCP,
  author = {B. Lee and S. Seifert},
  title = {Anomalous grazing incidence small-angle x-ray scattering studies
	of platinum nanoparticles formed by cluster deposition},
  journal = {The Journal of Chemical Physics},
  year = {2005}
}

@ARTICLE{LEE2005JAP,
  author = {S. K. Lee and D. Hesse and M. Alexe and W. Lee and K. Nielsch and
	U. G\"osele},
  title = {Growth and characterization of epitaxial ferroelectric lanthanum-substituted
	bismuth titanate nanostructures with three different orientations},
  journal = {J. Appl. Phys.},
  volume = {98},
  year = {2005},
  pages = {124302}
}

@ARTICLE{LEG2000ASS,
  author = {J. Legrand and C. Petit and D. Bazin and M. P. Pileni},
  title = {Collective effect on magnetic properties of 2D superlattices of nanosized
	cobalt particles},
  journal = {Appl. Surf. Sci.},
  volume = {164},
  year = {2000},
  pages = {186}
}

@PHDTHESIS{TH-LER2004,
  author = {F. Leroy},
  title = {Diffusion centrale des rayons X en incidence rasante appliqu\'ee
	\`a l'\'etude \emph{in situ} de la croissance de nanostructures :
	Vers la croissance auto-organis\'ee},
  school = {Universit\'e de Joseph Fourier - Grenoble},
  year = {2004}
}

@ARTICLE{LER2003SS,
  author = {F. Leroy and J. Eymery and P. Gentile and F. Fournel},
  title = {Controlled surface nanopatterning with buried dislocation arrays},
  journal = {Surf. Sci.},
  volume = {545},
  year = {2003},
  pages = {211}
}

@ARTICLE{LER2005PRL,
  author = {F. Leroy and G. Renaud and A. Letoublon and R. Lazzari and C. Mottet
	and J. Goniakowski},
  title = {Self-Organized Growth of Nanoparticles on a Surface Patterned by
	a Buried Dislocation Network},
  journal = {Phys. Rev. Lett.},
  volume = {95},
  year = {2005},
  pages = {185501}
}

@ARTICLE{levine89jac,
  author = {J. R. Levine and J.B. Cohen and Y. W. Chung and P. Georgopoulos},
  title = {{Grazing-incidence small-angle X-ray scattering: new tool for studying
	thin film growth}},
  journal = {J. Appl. Crystallogr.},
  volume = {22},
  year = {1989},
  pages = {528-532}
}

@ARTICLE{LIA1997APL,
  author = {H. B. Liao and R. F. Xiao and J. S. Fu and P. Yu and G. K. L. Wong
	and P. Sheng},
  title = {Large third-order optical nonlinearity in {Au}:{SiO}$_2$ composite
	films near the percolation threshold},
  journal = {Appl. Phys. Lett.},
  volume = {70},
  year = {1997},
  pages = {1-3}
}

@ARTICLE{LIN2006APL,
  author = {W. C. Lin and P. C. Huang and K. J. Song and M. T. Lin},
  title = {Enhanced Curie temperatures in {Fe} and {Co} magnetic nanoparticle
	assembly on single-crystalline {Al$_2$O$_3$/NiAl(100)} with normal
	metal capping layer},
  journal = {Appl. Phys. Lett.},
  volume = {88},
  year = {2006},
  pages = {153117-153120}
}

@ARTICLE{LIN1999JPCB,
  author = {S. Link and M. A. El-sayed},
  title = {Spectral Properties and Relaxation Dynamics of Surface Plasmon Electronic
	Oscillations in Gold and Silver Nanodots and Nanorods},
  journal = {J. Phys. Chem. B},
  volume = {103},
  year = {1999},
  pages = {8410-8426}
}

@ARTICLE{LIN2003JPCB,
  author = {Z. Linlin and K. L. Kelly and G. C. Schatz},
  title = {The extinction spectra of silver nanoparticle arrays: influence of
	array structure on plasmon resonance wavelength and widths},
  journal = {J. Phys. Chem. B},
  volume = {107},
  year = {2003},
  pages = {7343-7350}
}

@BOOK{B-LIU2000,
  title = {Characterization of Nanophase Materials},
  publisher = {Wiley, VCH Verlag GmbH},
  year = {2000},
  author = {J. Liu}
}

@ARTICLE{LIU1998APL,
  author = {Z. Liu and H. Wang and H. Li and X. Wang},
  title = {Red shift of plasmon resonance frequency due to the interacting {Ag}
	nanoparticles embedded in single crystal {SiO}$_2$ by implantation},
  journal = {Appl. Phys. Lett.},
  volume = {72},
  year = {1998},
  pages = {1823-1825}
}

@ARTICLE{LOC2007STAM,
  author = {K. Locharoenrat and H. Sano and G. Mizutani},
  title = {Phenomenological studies of optical properties of {Cu} nanowires},
  journal = {Science and Technology of Advanced Materials},
  volume = {8},
  year = {2007},
  pages = {277-281}
}

@ARTICLE{LOC2007SS,
  author = {K. Locharoenrat and A. Sugawara and S. Takase and H. Sano and G.
	Mizutani},
  title = {Shadow Deposition of copper nanowires on the faceted {NaCl}($110$)
	template},
  journal = {Surf. Sci.},
  volume = {601},
  year = {2007},
  pages = {4449-4453}
}

@ARTICLE{SUG2007SS,
  author = {K. Locharoenrat and A. Sugawara and S. Takase and H. Sano and G.
	Mizutani},
  title = {Shadow deposition of copper nanowires on the faceted {NaCl}($110$)
	template},
  journal = {Surface Science},
  volume = {601},
  year = {2007},
  pages = {4449-4453}
}

@ARTICLE{LOP2001NAT,
  author = {A. Lopes and H. M. Jaeger},
  title = {Hierarchical self-assembly of metal nanostructures on diblock copolymer
	scaffolds},
  journal = {Nature},
  volume = {414},
  year = {2001},
  pages = {735-738}
}

@ARTICLE{LOP2002PRE,
  author = {W. A Lopes},
  title = {Nonequilibrium self-assembly of metals on diblock copolymer templates},
  journal = {Phys. Rev. E},
  volume = {65},
  year = {2002},
  pages = {031606}
}

@ARTICLE{LUI2006EPL,
  author = {F. Luis and F. Bartolom\'e and F. Petroff and J. Bartolom\'e and
	L. M. Garcia and C. Deranlot and H. Jaffr\`es and M. J. Martinez
	and P. Bencock and F. Wilhelm and A. Rogalev and N. B. Brookes},
  title = {Tuning the magnetic anisotropy of {Co} nanoparticles by metal capping},
  journal = {Eur. Lett.},
  volume = {76},
  year = {2006},
  pages = {142-148}
}

@ARTICLE{LUI2002PRL,
  author = {F. Luis and F. Petroff and J. M. Torres and L. M. Garcia and J. Bartolom\'e
	and J. Carrey and A. Vaur\`es},
  title = {Magnetic relaxation of interacting {Co} clusters : crossover from
	two- to three- dimensional lattices},
  journal = {Phys. Rev. Lett.},
  volume = {88},
  year = {2002},
  pages = {217205}
}

@ARTICLE{KOK2005JPCS,
  author = {M Kokonou, A G Nassiopoulou, K P Giannakopoulos and N Boukos},
  title = {Nanotemplate alumina films on a silicon substrat fabricated by electrochemistry},
  journal = {Journal of Physics : Conference Series},
  year = {2005}
}

@ARTICLE{VAL2006JPCB,
  author = {M. C. Valero, P. Raybaud and Ph. Sautet},
  title = {Influence of the Hydroxylation of y-Al2O3 Surfaces on the Stability
	and Diffusion of Single Pd Atoms: A DFT Study},
  journal = {Journal of Physical Chemistry B},
  year = {2006}
}

@ARTICLE{CAS2005PRL,
  author = {M. Castro, R. Cuerno, L. Vazquez, R. Gago},
  title = {Self-organized of nanostructures produced by ion-beam sputtering},
  journal = {Physical Review Letters},
  year = {2005}
}

@ARTICLE{COR2004SCI,
  author = {M. Corso, W. Auwärter, M. Muntwiler, A. Tamai, T. Greber, J. Osterwalder},
  title = {Boron Nitride nanomesh},
  journal = {Science},
  year = {2004}
}

@ARTICLE{SHI1998PRB,
  author = {M. Shibata, I. Sumita, and M. Nakajima},
  title = {Structure and width of Au-adsorbed narrow Si(111) terraces},
  journal = {Physical Review B},
  year = {1998}
}

@ARTICLE{TER2004PRL,
  author = {M. Ternes, C. Weber, M. Pivetta, F. Patthey, J. P. Pelz, T. Giamarchi,
	F. Mila, and W-D Schneider},
  title = {Scanning tunneling spectroscopy of surface-state electrons scattered
	by a slightly disordered two dimensional dilute "solide" : Ce on
	Ag(111)},
  journal = {Phys. Rev. Lett.},
  year = {2004}
}

@ARTICLE{MEL1995IJMP,
  author = {P. M\'elinon and V. Paillard and V. Dupuis and A. Perez and P. Jensen
	and A. Hoareau and J.P. Perez and J. Tuaillon and M. Broyer and J.
	-L. Vialle and M. Pellarin and B. Baguenard and J. Lerm\'e},
  title = {From free clusters to cluster assembled materials},
  journal = {International Journal of Modern Physics B},
  volume = {9},
  year = {1995},
  pages = {339-397}
}

@BOOK{B-MAI2007,
  title = {Plasmonics : Fundamentals and Applications},
  publisher = {Springer},
  year = {2007},
  author = {S. A. Maier}
}

@ARTICLE{MAI2001APL,
  author = {S. A. Maier and M. L. Brongersma and H. A. Atwater},
  title = {Electromagnetic energy transport along arrays of closely spaced metal
	rods as an analogue to plasmonic devices},
  journal = {Appl. Phys. Lett.},
  volume = {78},
  year = {2001},
  pages = {16-18}
}

@ARTICLE{MAI2001AM,
  author = {S. A. Maier and M. L. Brongersma and P. G. Kik and S. Meltzer and
	A. A. G. Requicha and H. A. Atwater},
  title = {Plasmonics - A Route to Nanoscale Optical Devices},
  journal = {Advanced Materials},
  volume = {13},
  year = {2001},
  pages = {1501-1505}
}

@ARTICLE{MAI2002APL,
  author = {S. A. Maier and P. G. Kik and H. A. Atwater},
  title = {Observation of coupled plasmon-polariton modes in {Au} nanoparticle
	chain waveguides of different lengths: Estimation of waveguide loss},
  journal = {Appl. Phys. Lett.},
  volume = {81},
  year = {2002},
  pages = {1714-1716}
}

@ARTICLE{MAI2002PRB,
  author = {S. Maier and M. L. Brongersma and P. G. Kik and H. A. Atwater},
  title = {Observation of near-field coupling in metal nanoparticle chains using
	far-field polarization spectroscopy},
  journal = {Phys. Rev. B},
  volume = {65},
  year = {2002},
  pages = {193408}
}

@ARTICLE{MAIE2003NAT,
  author = {S. Maier and P. G. Kik and H. A. Atwater and S. Meltzer and E. Harel
	and B. E. Koel and A. A. G. Requicha},
  title = {Local detection of electromagnetic energy transport below the diffraction
	limit in metal nanoparticle plasmon waveguides},
  journal = {Nature},
  volume = {2},
  year = {2003},
  pages = {229-232}
}

@PHDTHESIS{TH-MAILLARD2002,
  author = {Mathieu Maillard},
  title = {Synth\`ese, organisation et anisotropie optique de nanocristaux d'argent},
  school = {Universit\'e Pierre et Marie Curie},
  year = {2002}
}

@ARTICLE{MAR2006APL,
  author = {J. Margueritat and J. Gonzalo and C. N. Afonso and M. I. Ortiz and
	C. Ballesteros},
  title = {Production of self-aligned metal nanocolumns embedded in an oxide
	matrix film},
  journal = {Appl. Phys. Lett.},
  volume = {88},
  year = {2006},
  pages = {093107}
}

@ARTICLE{MAR2007FD,
  author = {M. Marsault and G. Hamm and A. W\"orzand and G. Sitja and C. Barth
	and C. R. Henry},
  title = {Preparation of regular arrays of bimetallic clusters with independent
	control of size and chemical composition},
  journal = {Faraday Discuss.},
  volume = {138},
  year = {2007},
  pages = {407-420}
}

@ARTICLE{MAR1997JPDAP,
  author = {C. Martet and M. Treilleux and B. Cabaud and G. Fuchs and A. Hoareau},
  title = {Optical properties of {In}-{Si}{O}$_x$ cermets produced by low-energy
	cluster beam deposition},
  journal = {J. Phys. D: Appl. Phys.},
  volume = {30},
  year = {1997},
  pages = {2788-2793}
}

@ARTICLE{MAR2004SAM,
  author = {A. Martinez-Gil and A. Rota and T. Maroutian and B. Bartenlian and
	P. Beauvillain and E. Moyen and M. Hanb\"ucken},
  title = {Nano-patterned silicon surfaces for the self-organised growth of
	metallic nanostructures},
  journal = {Superlattices and Microstructures},
  volume = {36},
  year = {2004},
  pages = {235-243}
}

@ARTICLE{MAT1997IEEE,
  author = {S. Matsui},
  title = {Nanostructure fabrication using electron beam and its application
	to nanometer devices},
  journal = {Proc. IEEE},
  volume = {85},
  year = {1997},
  pages = {629-643}
}

@ARTICLE{MAY1968SS,
  author = {C. W. Mays and J. S. Vermaak and D. Kuhlmann-Wilsdorf},
  title = {On surface stress and surface tension II. Determination of the surface
	stress of gold},
  journal = {Surf. Sci.},
  volume = {12},
  year = {1968},
  pages = {134-140}
}

@ARTICLE{MER2006APL,
  author = {H. Mertens and A. Polman},
  title = {Plasmon-enhanced erbium luminescence},
  journal = {Appl. Phys. Lett.},
  volume = {89},
  year = {2006},
  pages = {211107}
}

@PHDTHESIS{TH-MIC2002,
  author = {Jean-S\'ebastien Micha},
  title = {Etude structurale et morphologique de multicouches discontinues m\'etal-oxyde},
  school = {Universit\'e de Joseph Fournier Grenoble I},
  year = {2002}
}

@ARTICLE{LIN2006NAN,
  author = {Ming-Nung Lin, C Y Liu, NWLiu, M Y Lai, C Y Peng,
	
	HHWang, Y LWang and Minn-Tsong Lin},
  title = {Fabrication of an ordered nanoparticle array with a nanoaperture
	membrane used as a contact-mask},
  journal = {Nanotechnology},
  year = {2006}
}

@ARTICLE{LEE1997JNCS,
  author = {Minyung Lee, Taek Soo Kim, Young Sik Choi},
  title = {Third-order optical nonlinearities of sol-gel-processed {Au}-{SiO}$_2$
	thin films in the surface plasmon absorption region},
  journal = {J. Non-Cryst. Solids},
  volume = {211},
  year = {1997},
  pages = {143-149}
}

@ARTICLE{MIS2003AM,
  author = {M. J. Misner and H. Skaff and T. Emrick and T. P. Russell},
  title = {Directed Deposition of Nanoparticles Using Diblock Copolymer Templates},
  journal = {Adv. Mat.},
  volume = {15},
  year = {2003},
  pages = {221}
}

@ARTICLE{MOC2002JCP,
  author = {J. J. Mock and M. Barbic and D. R. Smith and D. A. Schultz and S.
	Schultz},
  title = {Shape effects in plasmon resonance of individual colloidal silver
	nanoparticles},
  journal = {J. Chem. Phys.},
  volume = {116},
  year = {2002},
  pages = {6755-6759}
}

@ARTICLE{GAR1985JPC,
  author = {R. G. Molina and A. G. Marti and A. Howie and R. H. Ritchie},
  title = {Retardation effects in the interaction of charged particle beams
	with bounded condensed media},
  journal = {J. Phys. C : Solid State Phys},
  year = {1985}
}

@ARTICLE{MOS1985RMP,
  author = {Martin Moskovits},
  title = {Surface-enhanced Spectroscopy},
  journal = {Review of Modern Physics},
  year = {1985}
}

@ARTICLE{MOT2004PT,
  author = {C. Mottet and J. Goniakowski and F. Baletto and R. Ferrando and G.
	Tr\'eglia},
  title = {Modeling free and supported metallic nanoclusters: {S}tructure and
	dynamics},
  journal = {Phase Transitions},
  volume = {77},
  year = {2004},
  pages = {101}
}

@BOOK{B-MUT2001,
  title = {The atomistic nature of crystal growth},
  publisher = {Springer, Berlin},
  year = {2001},
  author = {B. Mutaftschiev}
}

@ARTICLE{MYU2004NAN,
  author = {N. V. Myung and J. Lim and J.-P. Fleurial and M. Yun and W. West
	and D. Choi},
  title = {Alumina nanotemplate fabrication on silicon substrate},
  journal = {Nanotechnology},
  volume = {15},
  year = {2004},
  pages = {833-838}
}

@ARTICLE{FEL2005JCP,
  author = {N. Félidj, G. Laurent, J. Aubard, G. Lévi, A. Hohenau, J. R. Krenn,
	and F. R. Aussenegg},
  title = {Grating-induced plasmon mode in gold nanoparticle arrays},
  journal = {THE JOURNAL OF CHEMICAL PHYSICS},
  year = {2005}
}

@ARTICLE{naudon97jac,
  author = {A. Naudon and D. Thiaudi\`{e}re},
  title = {{Grazing-Incidence Small-Angle Scattering. Morphology of Deposited
	Clusters and Nanostructure of Thin Films}},
  journal = {J. Appl. Crystallogr.},
  volume = {30},
  year = {1997},
  pages = {822-827}
}

@ARTICLE{NAV2004PRB,
  author = {E. Navarro and Y. Huttel and C. Clavero and A. Cebollada and G. Armelles},
  title = {Magnetic coupling between {Fe} nanoislands induced by capping-layer
	magnetic polarization},
  journal = {Phys. Rev. B},
  volume = {69},
  year = {2004},
  pages = {224419}
}

@ARTICLE{NEL1996SCI,
  author = {P. D. Nellist and S. J. Pennycook},
  title = {Direct imaging of the atomic configuration of ultradispersed catalysts},
  journal = {Science},
  volume = {274},
  year = {1996},
  pages = {413-415}
}

@ARTICLE{NII1991JCSJ,
  author = {K. Niihara},
  title = {New design concept of structural ceramics-ceramic nanocomposites},
  journal = {J. Ceram. Soc. Jpn.},
  volume = {99},
  year = {1991},
  pages = {974-982}
}

@ARTICLE{NIS1974TSF,
  author = {M. Nishiura and A. Kinbara},
  title = {Resistance changes in discontinuous gold films},
  journal = {Thin Solid Films},
  volume = {24},
  year = {1974},
  pages = {79-87}
}

@BOOK{B-NOG1995,
  title = {Physique et chimie des surfaces d'oxyde},
  publisher = {Eyrolles, Paris},
  year = {1995},
  author = {C. Noguera}
}

@ARTICLE{NOG2007JPCC,
  author = {C. Noguez},
  title = {Surface Plasmons on Metal Nanoparticles: The Influence of Shape and
	Physical Environment},
  journal = {J. Phys. Chem. C},
  volume = {111},
  year = {2007},
  pages = {3806-3819}
}

@ARTICLE{NOG2005OM,
  author = {Cecilia Noguez},
  title = {Optical properties of isolated and supported metal nanoparticles},
  journal = {Optical Materials},
  volume = {27},
  year = {2005},
  pages = {1204-1211}
}

@ARTICLE{AZZ2004NANO,
  author = {O. Azzaroni, M. Fonticelli, P. L. Schildari, G. Benitez, I. Caretti,
	J. M. Albella, R. Gago, L. Vazquez and R C Salvarezza},
  title = {Surface nanopatterning of metal thin films by physical vapour deposition
	onto surface-modified silicon nanodots},
  journal = {Nanotechnology},
  year = {2004}
}

@ARTICLE{KUR2000SS,
  author = {O. Kurnosikov, L. Pham Van, J. Cousty},
  title = {About anisotropy of atomic-scale height step on (0001) sapphire surface},
  journal = {Surface Science},
  year = {2000}
}

@ARTICLE{OAT2007PLA,
  author = {T. W. H. Oates and A. Keller and S. Facsko and A. M\"ucklich},
  title = {Aligned Silver Nanoparticles on Rippled Silicon Templates Exhibiting
	Anisotropic Plasmon Absorption},
  journal = {Plasmonics},
  volume = {2},
  year = {2007},
  pages = {47-50}
}

@ARTICLE{OAT2005NAN,
  author = {T. W. H. Oates and A. M\"ucklich},
  title = {Evolution of plasmon resonances during plasma deposition of silver
	nanoparticles},
  journal = {Nanotechnology},
  volume = {16},
  year = {2005},
  pages = {2606-2611}
}

@BOOK{B-OHR2001,
  title = {Materials Science of thin films Second Edition - Deposition and Structure},
  publisher = {Academic Press},
  year = {2001},
  author = {M. Ohring}
}

@ARTICLE{OKA2004JAP,
  author = {S. Okamoto and O. Kitakami and T. Miyazaki and Y. Shimada and Y.
	K. Takahashi and K. Hono},
  title = {Assembly of {FePt} {L1}$_{0}$ nanoparticles grown on {MgO}(110) with
	self-organized groove structure},
  journal = {J. Appl. Phys.},
  volume = {96},
  year = {2004},
  pages = {5217-5221}
}

@ARTICLE{OST2005JAP,
  author = {J. Oster and M. Kallmayer and L. Wiehl and H. J. Elmers and H. Adrian},
  title = {Crystallography, morphology, and magnetic properties of {Fe} nanostructures
	on faceted $\alpha$-{Al$_2$O$_3$} \emph{m} plane},
  journal = {J. Appl. Phys.},
  volume = {97},
  year = {2005},
  pages = {014303}
}

@ARTICLE{OWE2006SS,
  author = {J. H. G Owen and K. Miki},
  title = {Growth of {Ag} nanoclusters on a $1${D} template},
  journal = {Surf. Sci.},
  year = {2006},
  pages = {2943-2953}
}

@ARTICLE{OZB2006SCI,
  author = {E. Ozbay},
  title = {Plasmonics: Merging Photonics and Electronics at Nanoscale Dimensions},
  journal = {Science},
  volume = {331},
  year = {2006},
  pages = {189-193}
}

@ARTICLE{PAL2006JAP,
  author = {G. Palasantzas and T. Vystavel and S. A. Koch and J. Th. M. De Hosson},
  title = {Coalescence aspects of cobalt nanoparticles during in situ high-temperature
	annealing},
  journal = {J. Appl. Phys.},
  volume = {99},
  year = {2006},
  pages = {024307}
}

@ARTICLE{PAL1998PRB,
  author = {B. Palpant and B. Pr\'evel},
  title = {Optical properties of gold clusters in the size range $2$-$4$ nm},
  journal = {Phys. Rev. B},
  volume = {57},
  year = {1998},
  pages = {1963-1970}
}

@ARTICLE{PAR2004JJAP,
  author = {J. Park and J. S. Ha and J. Ryu and T. Chang},
  title = {Atomic Force Microscopy Study of the Polymeric Nanotemplate Fabricated
	via a Microphase Separation and Subsequent Slective Etching of (PS-b-PI)
	Copolymer Thin Film},
  journal = {Japanese Journal of Applied Physics},
  volume = {43},
  year = {2004},
  pages = {762-766}
}

@ARTICLE{PAT1998TSF,
  author = {M. Pattabi and N. Suresh and S. M. Chaudhari and A. Banerjee and
	D. M. Phase and A. Gupta and K. Mohan Rao},
  title = {Aging studies on discontinuous silver films in ultrahigh vacuum},
  journal = {Thin Solid Films},
  volume = {322},
  year = {1998},
  pages = {340-343}
}

@ARTICLE{pedersen94jac,
  author = {J. S. Pedersen},
  title = {{Determination of size distribution from small-angle scattering data
	for systems with effective hard-sphere interactions}},
  journal = {J. Appl. Crystallogr.},
  volume = {27},
  year = {1994},
  pages = {595-608}
}

@ARTICLE{PEL1994CPL,
  author = {M. Pellarin and B. Baguenard and J. L. Vialle and J. Lerm\'e and
	M. Broyer and J. Miller and A. Perez},
  title = {Evidence for icosahedral atomic shell structure in nickel and cobalt
	clusters. {C}omparison with iron clusters},
  journal = {Chem. Phys. Lett.},
  volume = {217},
  year = {1994},
  pages = {349}
}

@ARTICLE{PEN2003APL,
  author = {J. J. Penninkhof and A. Polman and L. A. Sweatlock and S. A. Maier
	and H. A. Atwater and A. M. Vredenberg and B. J. Kooi},
  title = {Mega-electron-volt ion beam induced anisotropic plasmon resonance
	of silver nanocrystals in glass},
  journal = {Appl. Phys. Lett.},
  volume = {83},
  year = {2003},
  pages = {20}
}

@ARTICLE{PER1997JPDAP,
  author = {A. Perez},
  title = {Cluster assembled materials: a novel class of nanostructured solids
	with original structures and properties},
  journal = {J. Phys. D: Appl. Phys.},
  volume = {30},
  year = {1997},
  pages = {709-721}
}

@ARTICLE{PER1997JPD,
  author = {A. Perez and P. M\'elinon and V. Dupuis and P. Jensen and B. Pr\'evel
	and J. Tuaillon and L. Bardotti and C. Martet and M. Treilleux and
	M. Broyer and M. Pellarin and J. L. Vialle and B. Palpant and J.
	Lerm\'e},
  title = {Cluster-assembled materials : a novel class of nanostructured solids
	with original structures and properties},
  journal = {J. Phys. D},
  volume = {30},
  year = {1997},
  pages = {709}
}

@ARTICLE{PER2001MT,
  author = {A. Perez and P. M\'elinon and V. Dupuis and B. Prevel and L. Bardotti
	and J. Tuaillon-Combes and B. Masenelli and M. Treilleux and M. Pellarin
	and J. Lerme and E. Cottancin and M. Broyer and M. Jamet and M. Negrier
	and F. Tournus and M. Gaudry},
  title = {Nanostructured Materials from Clusters: Synthesis and Properties},
  journal = {Mater. Trans.},
  volume = {42},
  year = {2001},
  pages = {1460}
}

@ARTICLE{PER1994SS,
  author = {L. S. Perkins and A. E. DePristo},
  title = {Heterogeneous adatom diffusion on fcc(100) surfaces : {Ni}, {Cu},
	{Rh}, {Pd}, and {Ag}},
  journal = {Surf. Sci.},
  volume = {319},
  year = {1994},
  pages = {225-231}
}

@ARTICLE{PET1953JIS,
  author = {N. J. Petch},
  title = {Z. Iron Steellnst.},
  journal = {J. Iron and Steel Institute},
  volume = {174},
  year = {1953},
  pages = {25-28}
}

@ARTICLE{PET1999JPCB,
  author = {C. Petit and A. Taled and M. P. Pileni},
  title = {Cobalt nanosized particles organized in a 2D superlattice : synthesis,
	characterization and magnetic properties},
  journal = {J. Phys. Chem. B},
  volume = {103},
  year = {1999},
  pages = {1805}
}

@PHDTHESIS{TH-PIC2003,
  author = {F. Picaud},
  title = {Nanostructuration d'objets métalliques sur surfaces à défauts},
  year = {2003}
}

@ARTICLE{PIL1993JPC,
  author = {M. P. Pileni},
  title = {Reverse micelles as microreactors},
  journal = {J. Phys. Chem.},
  volume = {97},
  year = {1993},
  pages = {9661-9668}
}

@BOOK{B-PIL1989,
  title = {Reverse micelles},
  publisher = {Elsevier, Amsterdam, New York, Oxford, Shannon, Tokyo},
  year = {1989},
  author = {M. P. Pileni}
}

@ARTICLE{PIL2000PAC,
  author = {M. P. Piléni},
  title = {Fabrication and physical properties of self-organized silver nanocrystals},
  journal = {Pure Appl. Chem.},
  year = {2000}
}

@ARTICLE{PIN2004SS,
  author = {A. Pinchuk and U. Kreibig and A. Hilger},
  title = {Optical properties of metallic nanoparticles: influence of interface
	effects and interband transitions},
  journal = {Surf. Sci.},
  volume = {557},
  year = {2004},
  pages = {269-280}
}

@ARTICLE{PIN2004JPDAP,
  author = {A. Pinchuk and G. von Plessen and U. Kreibig},
  title = {Influence of interband electronic transitions on the optical absorption
	in metallic nanoparticles},
  journal = {J. Phys. D : Appl. Phys.},
  volume = {37},
  year = {2004},
  pages = {3133-3139}
}

@ARTICLE{PIV2004NIMB,
  author = {J. C. Pivin and G. Roger and M. A. Garcia and F. Singh and D. K.
	Avasthi},
  title = {Nucleation and growth of {Ag} clusters in silicate glasses under
	ion irradiation},
  journal = {Nucl. Instr. and Methods B},
  volume = {215},
  year = {2004},
  pages = {373}
}

@BOOK{B-PLUM2001,
  title = {The physics of ultra-high-density magnetic recording},
  publisher = {Springer, Berlin},
  year = {2001},
  author = {M. L. Plumer and J. Van Ek and D. Weller}
}

@PHDTHESIS{TH-PORTALES2001,
  author = {Hervé Portales},
  title = {Etude par diffusion Raman de nanoparticules métalliques en matrice
	diélectrique amorphe},
  school = {UNIVERSITE CLAUDE BERNARD - LYON I}
}

@ARTICLE{QUI2004PRB,
  author = {R. Quidant and C. Girard and J. -C. Weeber and A. Dereux},
  title = {Tailoring the transmittance of integrated optical waveguides with
	short metallic nanoparticle chains},
  journal = {Phys. Rev. B},
  volume = {69},
  year = {2004},
  pages = {085407}
}

@ARTICLE{QUI1998APB,
  author = {M. Quinten},
  title = {Optical response of aggregates of clusters with different dielectric
	functions},
  journal = {Applied Physics B},
  year = {1998}
}

@ARTICLE{QUI1998OL,
  author = {M. Quinten and A. Leitner and J. R. Krenn and F. R. Aussenegg},
  title = {Electromagnetic energy transport via linear chains of silver nanoparticles},
  journal = {Optics Letters},
  volume = {23},
  year = {1998},
  pages = {1331-1333}
}

@ARTICLE{COH2002AM,
  author = {R. Cohen, T. C. Wang},
  title = {Metallodielectric photonic structures based on polyelectrolyte multilayers},
  journal = {Adv. Mater.},
  year = {2002}
}

@ARTICLE{LAZ2001SS,
  author = {R. Lazzari, J. Pupille},
  title = {Silver layers on oxide surfaces : morphology and optical properties},
  journal = {Surface Science},
  year = {2001}
}

@ARTICLE{KOO2006JAP,
  author = {R. Pandian, B. J. Kooi, J. Th. M. De Hosson, and A. Pauza},
  title = {Influence of capping layers on the crystallization of doped SbxTe
	
	fast-growth phase-change films},
  journal = {Journal of Applied Physics},
  year = {2006}
}

@BOOK{B-CHOU1997,
  title = {Handbook of Microlithography, Micromachining, and Microfabrication},
  publisher = {SPIE, Bellingham, Washington},
  year = {1997},
  author = {P. Rai-Choudhury}
}

@ARTICLE{RAO1996JNCS,
  author = {P. Rao and R. Doremus},
  title = {Kinetics of growth of nanosized gold clusters in glass},
  journal = {J. Non-Cryst. Solids},
  volume = {203},
  year = {1996},
  pages = {202-205}
}

@ARTICLE{RAS2001PRL,
  author = {A. Rastelli and M. Kummer and H. von K\"{a}nel},
  title = {Reversible shape evolution of {Ge} Islands on {Si}(001)},
  journal = {Phys. Rev. Lett.},
  volume = {87},
  year = {2001},
  pages = {256101-256105}
}

@ARTICLE{RAT2006ASS,
  author = {S. Rath and K. Das and S.N. Sarangi and A.K. Dash and S.K. Ray and
	S.N. Sahu},
  title = {Synthesis of {LECBD} grown cluster assembled {SeO}$_2$ thin films},
  journal = {Appl. Surf. Sci.},
  volume = {253},
  year = {2006},
  pages = {2138-2142}
}

@ARTICLE{rauscher95prb,
  author = {M. Rauscher and T. Salditt and H. Spohn},
  title = {Small-angle x-ray scattering under grazing incidence: The cross section
	in the distorted-wave Born approximation},
  journal = {Phys. Rev. B},
  volume = {52},
  year = {1995},
  pages = {16855-16863}
}

@ARTICLE{REC2003OC,
  author = {W. Rechberger and A. Hohenau and A. Leitner and J. R. Krenn and B.
	Lamprecht and F. R. Aussenegg},
  title = {Optical properties of two interacting gold nanoparticles},
  journal = {Optics Communications},
  volume = {220},
  year = {2003},
  pages = {137-141}
}

@ARTICLE{REI1997PRB,
  author = {D. Reinhard and B. D. Hall and D. Ugarte and R. Monot},
  title = {Size-independent fcc-to-icosahedral structural transition in unsupported
	silver clusters : {A}n electron diffraction study of clusters produced
	by inert-gas aggregation},
  journal = {Phys. Rev. B},
  volume = {55},
  year = {1997},
  pages = {7868}
}

@ARTICLE{REN2002APL,
  author = {C. Renard and C. Ricolleau and E. Fort and S. Besson and T. Gacoin
	and J.-P. Boilot},
  title = {Coupled technique to produce two-dimensional superlattices of nanoparticles},
  journal = {Appl. Phys. Lett.},
  volume = {80},
  year = {2002},
  pages = {300-302}
}

@ARTICLE{renaud03sci,
  author = {G. Renaud and R. Lazzari and C. Revenant and A. Barbier and M. Noblet
	and O. Ulrich and F. Leroy and J. Jupille and Y. Borensztein and
	C. R. Henry and J.-P. Deville and
	
	F. Scheurer and J. Mane-Mane and O. Fruchart},
  title = {Real-Time Monitoring of Growing Nanoparticles},
  journal = {Science},
  volume = {300},
  year = {2003},
  pages = {1416-1419}
}

@ARTICLE{REP2002EUR,
  author = {V. Repain and G. baudot and H. Ellmer and S. Rousset},
  title = {Two-dimensional long-range ordered growth of uniform cobalt nanostructures
	on a {Au}(111) vicinal template},
  journal = {Europhys. Lett.},
  volume = {58},
  year = {2002},
  pages = {730-736}
}

@ARTICLE{REP2002MSE,
  author = {V. Repain and G. baudot and H. Ellmer and S. Rousset},
  title = {Ordered growth of cobalt nanostructures on a {Au}($111$) vicinal
	surface: nucleation mechanisms and temperature behavior},
  journal = {Mater. Sci. Eng. B},
  volume = {96},
  year = {2002},
  pages = {178-187}
}

@ARTICLE{REP2000SS,
  author = {V. Repain and J. M. Berroir and S. Rousset and J. Lec\oe{}ur},
  title = {Growth of self-organized cobalt nanostructures on {Au}($111$)},
  journal = {Surf. Sci. Lett.},
  volume = {447},
  year = {2000},
  pages = {152-156}
}

@ARTICLE{REP2006JPCM,
  author = {V. Repain and S. Rohart and Y. Girard and A. Tejeda and S. Rousset},
  title = {Building uniform and long-range ordered nanostructures on a surface
	by nucleation on a point defect array},
  journal = {J. Phys. : Condens. Matter.},
  volume = {18},
  year = {2006},
  pages = {S17-S26}
}

@ARTICLE{REV2006NIMPRB,
  author = {C. Revenant and G. Renaud and R. Lazzari and J. Jupille},
  title = {Growth of {Ag} on {MgO}(001) studied in situ by grazing incidence
	small angle X-ray scattering},
  journal = {Nucl. Instrum. Methods Phys. Res. B},
  volume = {246},
  year = {2006},
  pages = {112-117},
  keywords = {qsdqdqsdqsdqs}
}

@PHDTHESIS{TH-ROHART2005,
  author = {S. Rohart},
  title = {Croissance et magn\'etisme de nanostructures organis\'ees sur surfaces
	cristallines},
  school = {Universit\'e Denis Diderot Paris {VII}},
  year = {2005}
}

@ARTICLE{ROS2004JPCM,
  author = {F. Rosei},
  title = {Nanostructured surfaces : challenges and frontiers in nanotechnology},
  journal = {J. Phys. : Condens. Matter},
  volume = {16},
  year = {2004},
  pages = {1373-1436}
}

@ARTICLE{ROS1999APA,
  author = {G. Rosenfeld and K. Morgenstern and M. Esser and G. Comsa},
  title = {Dynamics and stability of nanostructures on metal surfaces},
  journal = {Appl. Phys. A},
  volume = {69},
  year = {1999},
  pages = {489-496}
}

@ARTICLE{ROS1999ME,
  author = {C. A. Ross and H. I. Smith and T. Savas and M. Schattenburg and M.
	Farhoud and M. Hwang and M. Walsh and M. C. Abraham and R. J. Ram},
  title = {Fabrication of patterned media for high density magnetic storage.},
  journal = {J. Vac. Sci. Technol. B},
  volume = {17},
  year = {1999},
  pages = {3168}
}

@ARTICLE{ROS2000JRD,
  author = {F. M. Ross},
  title = {Growth processes and phase transformations studied by in situ transmission
	electron microscopy},
  journal = {IBM, J. Res. Dev.},
  volume = {44},
  year = {2000},
  pages = {489}
}

@ARTICLE{ROU1995JVST,
  author = {F. Rousseaux and D. Decanini and E. Cambril and M. F. Ravet and C.
	Chappert and N. Bardou and B. Bartenlian and P. Veillet},
  title = {Study of large area high density magnetic dots arrays fabricated
	using synchrotron radiation based on X-ray lithography},
  journal = {J. Vac. Sci. Technol.},
  volume = {13},
  year = {1995},
  pages = {2787}
}

@ARTICLE{ROU-VICI,
  author = {S. Rousset and G. Baudot and V. Repain and Y. Girard},
  title = {Nano-objets sous contr\^ole},
  journal = {\url{http://www.cnrs.fr/publications/imagesdelaphysique/couv-PDF/IdP2002/pdf/09.pdf}}
}

@ARTICLE{ROU2002MSE,
  author = {S. Rousset and V. Repain and G. Baudot and H. Ellmer and Y. Garreau
	and V. Etgens and J.M. Berroir and B. Croset and M. Sotto and P.
	Zeppenfeld and J. Ferr\'e and J. -P. Jamet and C. Chappert and J.
	Lec\oe{}ur},
  title = {Self-ordering on crystal surfaces : fundamentals and applications},
  journal = {Mater. Sci. Eng. B},
  volume = {96},
  year = {2002},
  pages = {169}
}

@ARTICLE{ROU2003JPCM,
  author = {S. Rousset and V. Repain and G. Baudot and Y. Garreau and J. Lecoeur},
  title = {Self-ordering of Au(111) vicinal surfaces and application to nanostructures
	organized growth},
  journal = {Journal of Physics : Condensed Matter},
  year = {2003}
}

@ARTICLE{RUG1997CPSS,
  author = {P. Ruggerone and C. Ratsch and M. Scherrer},
  title = {Density-functional theory of epitaxial growth of metals},
  journal = {The Chemical Physics of Solid Surfaces},
  volume = {8},
  year = {1997},
  pages = {490-544}
}

@ARTICLE{CAM2003AO,
  author = {S. Camelio, D. Babonneau, T. Girardeau, J. Toudert, F. Lignou, M.-F.
	Denanot, N. Maître, A. Barranco and Ph. Guérin},
  title = {Optical and structural properties of Ag-Si3N4 nanocermets prepared
	by means of ion-beam sputtering in alternate and codeposition modes},
  journal = {Applied Optics},
  year = {2003}
}

@ARTICLE{CHO2000TSF,
  author = {S. Cho, S. Lee,U. Soo-ghee Oh, S. J. Park, W.M. Kim, B.-ki
	
	Cheong, M. C., K. B. Song, T. S. Lee, S. G. Kim},
  title = {Optical properties of Au nanocluster embedded dielectric films},
  journal = {Thin Solid Films},
  year = {2000}
}

@ARTICLE{FAC1999SCI,
  author = {S. Facsko, T. Dekorsy, C. Koerdt, C. Trappe, H. Kurz, A. Vogt, H.
	L. hartnagel},
  title = {Formation of ordered nanoscale semiconductor dots by ion sputerring},
  journal = {Science},
  year = {1999}
}

@ARTICLE{HEN2006SS,
  author = {S. Sao-Joao, S. Giorgio, C. Mottet, J. Goniakowski, C.R. Henry},
  title = {Interface structure of Ni nanoparticles on MgO (100) : A combined
	HRTEM and molecular dynamic study},
  journal = {Surface Science},
  year = {2006}
}

@ARTICLE{SAE1993PAM,
  author = {K. L. Saenger},
  title = {Pulsed laser deposition, {P}art {I. A.} review of process caracteristics
	and capabilities},
  journal = {Proc. Adv. Mater.},
  volume = {2},
  year = {1993},
  pages = {1-24}
}

@ARTICLE{SAI2001,
  author = {Riichiro Saito and Hiromichi Kataura},
  title = {Optical Properties and Raman Spectroscopy of Carbon Nanotubes},
  year = {2001}
}

@BOOK{B-SAL1991,
  title = {Fundamentals of Photonics},
  publisher = {Wiley, New York,},
  year = {1991},
  author = {B.E.A Saleh and M.C. Teich}
}

@ARTICLE{SAN2002JAP,
  author = {J. C. G. De Sande and R. Serna and J. Gonzalo and C. N. Afonso and
	D. E. Hole and A. Naudon},
  title = {Refractive index of {Ag} nanocrystals composite films in the neighborhood
	of the surface plasmon resonance},
  journal = {J. Appl. Phys.},
  volume = {91},
  year = {2002},
  pages = {1536-1541}
}

@ARTICLE{SAN2004NAN,
  author = {V. Santhanam and R. P. Andres},
  title = {Microcontact Printing of Uniform Nanoparticle Arrays},
  journal = {Nanoletters},
  volume = {4},
  year = {2004},
  pages = {41-44}
}

@ARTICLE{SAW1986NIMPR,
  author = {J. A. Sawicki and G. Abouchacra and J. A. Serughetti and A. Perez},
  title = {Metallic gold precipitation in implanted {MgO} crystals studied by~$^{197}${Au}
	conversion electron Mossbauer spectroscopy associated with optical
	absorption and {TEM}},
  journal = {Nucl. Instr. Meth. Phys. Res. B},
  volume = {16},
  year = {1986},
  pages = {355-360}
}

@PHDTHESIS{TH-SAX2003,
  author = {Jörg Saxler},
  title = {Surface Plasmon Polaritons at Terahertz Frequencies on Metal and
	Semiconductor Surfaces},
  school = {Faculty of Mathematics, Computer Sciences, and Natural Sciences of
	Aachen University, Aachen, Germany}
}

@ARTICLE{SCH2001JAP,
  author = {G. Schider and J. R. Krenn and W. Gotschy and B. Lamprecht and H.
	Ditlbacher and A. Leitner and F. R. Aussenegg},
  title = {Optical properties of Ag and Au nanowire gratings},
  journal = {J. Appl. Phys.},
  year = {2001}
}

@ARTICLE{SCH1998NAT,
  author = {J. Schiotz and F. D. di Tolla and K. Jacobsen},
  title = {Softening of nanocrystalline metals at very small grain size},
  journal = {Nature},
  volume = {391},
  year = {1998},
  pages = {561-563}
}

@BOOK{B-SCH2001,
  title = {Nanoscale Materials in Chemistry},
  publisher = {K. J. Klabunde, Wiley},
  year = {2001},
  author = {G. Schmid}
}

@ARTICLE{SCH1966JAP,
  author = {R. L. Schwoebel and E. J. Shipsey},
  title = {Step motion on crystal surfaces},
  journal = {J. Appl. Phys.},
  volume = {37},
  year = {1966},
  pages = {3682}
}

@ARTICLE{SER1998JAP,
  author = {R. Serna and J. C. G. De Sande and J. M. Ballesteros and C. N. Afonso},
  title = {Spectroscopic ellipsometry of composite thin films with embedded
	{Bi} nanocrystals},
  journal = {J. Appl. Phys.},
  volume = {84},
  year = {1998},
  pages = {4509-4516}
}

@ARTICLE{CAP2006JAP,
  author = {M. De Seta and G. Capellini and L. Di Gaspare and F. Evangelisti
	and F. D'Acapito},
  title = {Freezing shape and composition of {Ge/Si}(001) self-assembled islands
	during silicon capping},
  journal = {J. Appl. Phys.},
  volume = {100},
  year = {2006},
  pages = {093516-093523}
}

@BOOK{B-SHA2007,
  title = {Nanophotonics with Surface Plasmons},
  publisher = {Springer},
  year = {2007},
  author = {V. M. Shalaev and S. Kawata}
}

@ARTICLE{SHC1999RMP,
  author = {V. A. Shchukin and D. Bimberg},
  title = {Spontaneous ordering of nanostructures on crystal surfaces},
  journal = {Rev. of Mod. Phys.},
  volume = {71},
  year = {1999},
  pages = {1125}
}

@ARTICLE{SHI2000MRS,
  author = {H. Shiomi and K. Umehara},
  title = {Preparation of {Sn}{O}$_2$-glass composite containing {Cu} particles
	reduced from copper ions in glass matrix : {E}ffect of glass particle
	size on microstructure and electrical property},
  journal = {Materials science research international},
  volume = {6},
  year = {2000},
  pages = {144-149}
}

@ARTICLE{sinha88prb,
  author = {S. K. Sinha and E. B. Sirota and S. Garoff and H. B. Stanley},
  title = {{X-ray and neutron scattering from rough surfaces}},
  journal = {Phys. Rev. B},
  volume = {38},
  year = {1988},
  pages = {2297-2311}
}

@ARTICLE{SLO1996JMM,
  author = {J. C. Slonczewski},
  title = {Current-driven excitation of magnetic multilayers},
  journal = {J. Magn. Magn. Mater.},
  volume = {159},
  year = {1996},
  pages = {L1-L7}
}

@ARTICLE{SOL1977JP,
  author = {C. Solliard and P. Buffat},
  title = {Variation de la maille cristalline de petits cristaux d'or par effet
	de taille},
  journal = {J. Physique, Colloque C2},
  volume = {7 (38)},
  year = {1977},
  pages = {167-170}
}

@ARTICLE{SPR2005CRP,
  author = {G. Springholz},
  title = {Three-dimensional stacking of self-assembled quantum dots in multilayer
	structures},
  journal = {C. R. Physique},
  year = {2005}
}

@ARTICLE{SPR1998SCI,
  author = {G. Springholz and V. Hol\'y and M. Pinczolits and G. Bauer},
  title = {Self-organized growth of three-dimensional quantum dot crystals with
	fcc-like stacking and a tunable lattice constant},
  journal = {Science},
  volume = {282},
  year = {1998},
  pages = {734}
}

@BOOK{B-STE2004,
  title = {Semiconductor Nanostructures for Optoelectronic Applications},
  publisher = {Artech House Publishers},
  year = {2004},
  author = {T. Steiner}
}

@ARTICLE{STE2000OS,
  author = {A. L. Stepanov},
  title = {Optical Reflection from Dielectric Layers Containing Metal Particles
	Formed by Ion Implantation},
  journal = {Optics and Spectroscopy},
  year = {2000}
}

@ARTICLE{STE2002APA,
  author = {A. L. Stepanov and U.Kreibig and D. E. Hole and R. I. Khaibullin},
  title = {Ion synthesis and laser annealing of {Cu} nanoparticles in {Al}$_2${O}$_3$},
  journal = {Appl. Phys. A},
  volume = {74},
  year = {2002},
  pages = {441-446}
}

@ARTICLE{STR1938SAW,
  author = {I. N. Stranski and L. Krastanov},
  title = {Zur Theorie der orientierten Ausscheidung von Ionenkristallen aufeinander},
  journal = {Sitzungsber. Akad. Wissenschaft Wien},
  volume = {146},
  year = {1938},
  pages = {797-801}
}

@ARTICLE{SUG1997JAP,
  author = {A. Sugawara and G. G. Hembree and M. R. Scheinfein},
  title = {Self-organized mesoscopic magnetic structures},
  journal = {J. Appl. Phys.},
  volume = {82},
  year = {1997},
  pages = {5662-5669}
}

@ARTICLE{SUG1997PRB,
  author = {A. Sugawara and M. R. Scheinfein},
  title = {Room-temperature dipole ferromagnetism in linear self assembling
	mesoscopic {Fe} particle arrays},
  journal = {Physical Review B},
  year = {1997}
}

@ARTICLE{SUT1998PRL,
  author = {P. Sutter and M. G. Lagally},
  title = {Embedding of nanoscale {3D SiGe} Islands in a {Si} matrix},
  journal = {Phys. Rev. Lett.},
  volume = {81},
  year = {1998},
  pages = {3471-3475}
}

@BOOK{B-SUZ2007,
  title = {Microlithography : Science and Technology},
  publisher = {CRC Press},
  year = {2007},
  author = {K. Suzuki and B. W. Smith}
}

@ARTICLE{SUZ2005JJAP,
  author = {M. Suzuki and W. Maekita and K. Kishimoto and S. Teramura and K.
	Nakajima and K. Kimura and Y. Taga},
  title = {Direct formation of arrays of prolate {Ag} nanoparticles by dynamic
	oblique deposition},
  journal = {Jpn. J. Appl. Phys.},
  volume = {44},
  year = {2005},
  pages = {L193-L195}
}

@ARTICLE{SWE2005PRB,
  author = {L. A. Sweatlock and S. A. Maier and H. A. Atwater},
  title = {Highly confined electromagnetic fields in arrays of strongly coupled
	{Ag} nanoparticles},
  journal = {Phys. Rev. B},
  volume = {71},
  year = {2005},
  pages = {235408}
}

@ARTICLE{YAN2006JAP,
  author = {T. Yang, A. Hirohata and T. Kimura and Y. Otani},
  title = {Influence of capping layer on the current-induced magnetization switching
	
	in magnetic nanopillars},
  journal = {Journal of Applied Physics},
  year = {2006}
}

@ARTICLE{TAK1996OL,
  author = {M. Takakuwa and K. Baba and M. Miyagi},
  title = {Ultrathin polarizing films for the near-infrared region consisting
	of stacked anisotropic gold island films},
  journal = {Optics Letters},
  volume = {21},
  year = {1996},
  pages = {1195-1197}
}

@ARTICLE{TAK2003NIMB,
  author = {Y. Takeda and N. Kishimoto},
  title = {Nonlinear optical properties of metal nanoparticle composites for
	optical applications},
  journal = {Nuclear Instruments and Methods in Physics Research B},
  volume = {206},
  year = {2003},
  pages = {620-623}
}

@ARTICLE{TAN1995AM,
  author = {J. Tanori and M. P. Pileni},
  title = {Change in the shape of copper nanoparticles in ordered phases},
  journal = {Adv. Mat.},
  volume = {7},
  year = {1995},
  pages = {862-864}
}

@ARTICLE{TEI2003APA,
  author = {C. Teichert},
  title = {Self-organized semiconductor surfaces as templates for nanostructured
	magnetic thin films},
  journal = {Appl. Phys. A},
  volume = {76},
  year = {2003},
  pages = {653-664}
}

@ARTICLE{TEI1999APL,
  author = {C. Teichert and J. Barthel and H. P. Oepen and J. Kirschner},
  title = {Fabrication of nanomagnet arrays by shadow deposition on self-organized
	semiconductor substrates},
  journal = {Appl. Phys. Lett.},
  volume = {74},
  year = {1999},
  pages = {588-590}
}

@ARTICLE{TIL2006APA,
  author = {R. M. Tilaki and A. Irajizad and S. M. Mahdavi},
  title = {Stability, size and optical properties of silver nanoparticles prepared
	by laser ablation in different carrier media},
  journal = {Appl. Phys. A},
  volume = {84},
  year = {2006},
  pages = {215-219}
}

@ARTICLE{TOM1983PRB,
  author = {D. Tomanek and S. Mukherjee and K. H. Bennemann},
  title = {Simple theory for the electronic and atomic structure of small clusters},
  journal = {Phys. Rev. B},
  volume = {28},
  year = {1983},
  pages = {665}
}

@PHDTHESIS{TH-TOUDERT2005,
  author = {J. Toudert},
  title = {Croissance, nanostructure et r\'eponse optique de films minces d'agr\'egats
	d'argent dans des matrices di\'electriques},
  school = {Universit\'e de Poitiers},
  year = {2005}
}

@ARTICLE{TOU2007JPDAP,
  author = {J. Toudert and D. Babonneau and S. Camelio and T. Girardeau and F.
	Yubero and J. P. Espin\'os and A. R. Gonzalez-Elipe},
  title = {Using ion beams to tune the nanostructure and optical response of
	co-deposited {Ag}:{BN} thin films},
  journal = {J. Phys. D: Appl. Phys.},
  volume = {40},
  year = {2007},
  pages = {4614-4620}
}

@ARTICLE{TOU2005JAP,
  author = {J. Toudert and S. Camelio and D. Babonneau and M. -F. Denanot and
	T. Girardeau and J. P. Espinos and F. Yubero and A. R. Gonzalez-
	
	Elipe},
  title = {Morphology and surface-plasmon resonance of silver nanoparticles
	sandwiched between {Si$_3$N$_4$} and {BN} layers},
  journal = {J. Appl. Phys.},
  volume = {98},
  year = {2005},
  pages = {114316-114326}
}

@ARTICLE{TOU2008PRB,
  author = {F. Tournus and A. Tamion and N. Blanc and A. Hannour and L. Bardotti
	and B. Pr\'evel and P. Ohresser and E. Bonet and T. Epicier and V.
	Dupuis},
  title = {Evidence of {L}1$_0$ chemical order in {CoPt} nanoclusters: {D}irect
	observation and magnetic signature},
  journal = {Phys. Rev. B},
  volume = {77},
  year = {2008},
  pages = {144411}
}

@ARTICLE{TSE2007OLT,
  author = {Ampere A. Tseng},
  title = {Recent developments in nanofabrication using scanning near-field
	optical microscope lithography},
  journal = {Optics \& Laser Technology},
  year = {2007}
}

@ARTICLE{UNG2002CS,
  author = {T. Ung and L. M. Liz-Marzan and P. Mulvaney},
  title = {Gold nanoparticle thin films},
  journal = {Collo{\"i}ds and Surfaces A-Physicochemical and engineering aspects},
  volume = {202},
  year = {2002},
  pages = {119-126}
}

@ARTICLE{CHA2003EPL,
  author = {V. Chamard, T. H. Metzger, M. Sztucki, V. Holy, M. Tolan,
	
	E. Bellet-Amalric, C. Adelmann, B. Daudin and H. Mariette},
  title = {On the driving forces for the vertical alignment in nitride quantum
	dot multilayers},
  journal = {Europhys. Lett.},
  year = {2003}
}

@ARTICLE{VAL1998SCI,
  author = {M. Valden and X. Lai and D. W. Goodman},
  title = {Onset of Catalytic Activity of Gold Clusters on Titania with the
	Appearance of Nonmetallic Properties},
  journal = {Science},
  volume = {281},
  year = {1998},
  pages = {1647}
}

@ARTICLE{VAL2001PRL,
  author = {E. Valentin and H. Bernas and C. Ricolleau and F. Creuzet},
  title = {Ion Beam \guillemotleft~Photography~\guillemotright~: Decoupling
	Nucleation and Growth of Metal Clusters in Glass},
  journal = {Phys. Rev. Lett.},
  volume = {86},
  year = {2001},
  pages = {99-102}
}

@ARTICLE{VEN1973PM,
  author = {J. A. Venables},
  title = {Rate equation approaches to thin film nucleation kinetics},
  journal = {Phil. Mag.},
  volume = {27},
  year = {1973},
  pages = {697-738}
}

@ARTICLE{VEN1984RPP,
  author = {J. A. Venables and J. D. T. Spiller and M. Handb\"{u}cken},
  title = {Nucleation and growth of thin films},
  journal = {Rep. Prog. Phys.},
  volume = {47},
  year = {1984},
  pages = {399-459}
}

@BOOK{B-VIL1995,
  title = {Physique de la croissance cristalline},
  publisher = {Eyrolles, Paris},
  year = {1995},
  author = {J. Villain and A. Pimpinelli}
}

@ARTICLE{VOI1991PRB,
  author = {B. Voigtl\"ander and G. Meyer and N.M. Amer},
  title = {Epitaxial growth of thin magnetic cobalt films on {Au}(111) studied
	by scanning tunneling microscopy},
  journal = {Phys. Rev. B},
  volume = {44},
  year = {1991},
  pages = {10354}
}

@BOOK{B-VOL1939,
  title = {Kinetik Der Phasenbildung},
  publisher = {Steinkopf, Dresden},
  year = {1939},
  author = {M. Volmer}
}

@ARTICLE{HUA2005JAP,
  author = {W. Huang, W. Qian, and M. A. El-Sayed},
  title = {Photothermal reshaping of prismatic Au nanoparticles in periodic
	monolayer arrays by femtosecond laser pulses},
  journal = {Journal of Applied Physics},
  year = {2005}
}

@ARTICLE{HWA2005NANO,
  author = {W. Hwang, M-H Ham, B-H Sohn, J. Huh, Yong Soo Kang, W. Jeong, J-M
	Myoung and C. Park},
  title = {Micropatterning of block copolymer micelle thin films using solvent
	capillary contact printing},
  journal = {Nanotechnology},
  year = {2005}
}

@ARTICLE{WER2001SSL,
  author = {W. S. M. Werner, W. Smekal, C. Tomastik, H. Störi},
  title = {Surface excitation probability of medium energy electrons in metals
	and semiconductors},
  journal = {Surface Science Letters},
  year = {2001}
}

@BOOK{B-HER1951,
  title = {The Physics of Powder Metallurgy},
  publisher = {McGraw-Hill, New York},
  year = {1951},
  author = {C. Herring dans W.E. Kingston}
}

@ARTICLE{WAG2000NAT,
  author = {F. E. Wagner and S. Haslbeck and L. Stievano and S. Calogero and
	Q. A. Pankhurst and K. -P. Martinek},
  title = {Before striking gold in gold-ruby glass.},
  journal = {Nature},
  volume = {407},
  year = {2000},
  pages = {691-692}
}

@ARTICLE{WAK1990NAT,
  author = {F. Wakai and Y. Kodama and S. Sakaguchi and N. Murayama and K. Izaki
	and K. Niihara},
  title = {A superplastic covalent crystal composite},
  journal = {Nature},
  volume = {344},
  year = {1990},
  pages = {421-423}
}

@ARTICLE{WAN1998ASS,
  author = {B. Wang and L. Zhang},
  title = {Optical absorption of small {Ag} particles embedded in {Ba}{TiO}$_3$
	thin films},
  journal = {Appl. Surf. Sci.},
  volume = {133},
  year = {1998},
  pages = {152-155}
}

@ARTICLE{WAN2008ML,
  author = {M. Wang and Y. Xue and Z. Lin and X. Huo and J. Li and X. Yao},
  title = {Preparation and optical properties of silica gel-glass doped with
	{ZnSe} nanoparticles},
  journal = {Materials Letters},
  volume = {62},
  year = {2008},
  pages = {574-576}
}

@ARTICLE{WAN1996M,
  author = {Z. L. WANG},
  title = {Valence Electron Excitations and Plasmon Oscillations in Thin Films,
	Surfaces, Interfaces and Small Particles},
  journal = {Micron},
  year = {1996}
}

@ARTICLE{WEI2005PRL,
  author = {N. Weiss and T. Cren and M. Epple and S. Rusponi and G. Baudot and
	S. Rohart and A. Tejeda and V. Repain and S. Rousset and P. Ohresser
	and F. Scheurer and P. Bencok and H. Brune},
  title = {Uniform magnetic properties for an ultrahigh-density lattice of noninteracting
	{Co} nanostructures},
  journal = {Phys. Rev. Lett.},
  volume = {95},
  year = {2005},
  pages = {157204}
}

@ARTICLE{WHI1996APL,
  author = {C. W. White and J. D. Budai and J. G. Zhu and S. P. Withrow and M.
	J. Aziz},
  title = {Ion-beam synthesis and stability of {Ga}{As} nanocrystals in silicon},
  journal = {Appl. Phys. Lett.},
  volume = {68},
  year = {1996},
  pages = {2389-2391}
}

@ARTICLE{WOO1993JAP,
  author = {R. A. Wood and P. D. Townsend and N. D. Skelland and D. E. Hole and
	J. Barton and C. N. Afonso},
  title = {Annealing of ion implanted silver colloids in glass},
  journal = {J. Appl. Phys.},
  volume = {74},
  year = {1993},
  pages = {5754-5756}
}

@ARTICLE{WUL1901ZK,
  author = {G. Wulff},
  title = {Zur Frage der Geschwindigkeit des Wachsthums und der Auflosung der
	Krystallflachen},
  journal = {Z. Krist. Mineral.},
  volume = {34},
  year = {1901},
  pages = {449-531}
}

@ARTICLE{XIE1997APL,
  author = {Y. H. Xie and S. B. Samavedam and M. Bulsara and T. A. Langdo and
	E. A. Fitzgerald},
  title = {Relaxed Template for fabricating regularly distributed quantum dots
	arrays},
  journal = {Appl. Phys. Lett.},
  volume = {71},
  year = {1997},
  pages = {3586}
}

@ARTICLE{LIU2006CSB,
  author = {Xiong Liu, Mark Atwater, Jinhai Wang, Qun Huo},
  title = {Extinction coefficient of gold nanoparticles with different
	
	sizes and different capping ligands},
  journal = {Colloids and Surfaces B: Biointerfaces},
  year = {2006}
}

@ARTICLE{XU2006APL,
  author = {G. Xu and Y. Chen and M. Tazawa and P. Jin},
  title = {Influence of dielectric properties of a substrate upon plasmon resonance
	spectrum of supported {Ag} nanoparticles},
  journal = {Appl. Phys. Lett.},
  volume = {88},
  year = {2006},
  pages = {043114-043117}
}

@ARTICLE{BOR1994PRB,
  author = {Y. Borensztein, R. Alameh, and M. Roy},
  title = {Determination of the morphology of Ag deposits by photoreflectance},
  journal = {Physical Review B},
  year = {1994}
}

@ARTICLE{MEI2005TSF,
  author = {Y.F. Mei, X.L. Wu, T. Qiu, X.F. Shao, G.G. Siu , Paul K. Chu},
  title = {Anodizing process of Al films on Si substrates for forming alumina
	templates with short-distance ordered 25 nm nanopores},
  journal = {Thin Solid Films},
  year = {2005}
}

@ARTICLE{YAM1974TSF,
  author = {T. Yamaguchi and S. Yoshida and A. Kinbara},
  title = {Optical Effect of the substrate on the anomalous absorption of aggregated
	silver films},
  journal = {Thin Solid Films},
  volume = {21},
  year = {1974},
  pages = {173-187}
}

@ARTICLE{SOM2005NAN,
  author = {X. -M. Yan and S. Kwon and A. M. Contreras and J. Bokor and G. A.
	Somorjai},
  title = {Fabrication of Large Number Density Platinum Nanowire Arrays by Size
	Reduction Lithography and Nanoimprint Lithography},
  journal = {Nanoletters},
  volume = {5},
  year = {2005},
  pages = {745-748}
}

@ARTICLE{WAN1999APL,
  author = {J. S. Yin and Z. L. Wang},
  title = {Plasmon energy shift in mesoporous and double length-scale ordered
	nanoporous silica},
  journal = {Appl. Phys. Lett.},
  volume = {74},
  year = {1999},
  pages = {2629-2631}
}

@ARTICLE{YAN2006NANO,
  author = {Yong Yang, Shigemasha Matsubara, Masayuki Nogami,
	
	Jianlin Shi andWeiming Huang},
  title = {One-dimensional self-assembly of gold nanoparticles for tunable surface
	plasmon resonance properties},
  journal = {Nanotechnology},
  year = {2006}
}

@ARTICLE{ZAB1999EPJD,
  author = {T. Zabel and M.E. Garcia and K.H. Bennemann},
  title = {Temperature and size dependence of the optical response of small
	{Ag}(n) clusters},
  journal = {Eur. Phys. J. D},
  year = {1999}
}

@ARTICLE{ZAY2003JOA,
  author = {A. V. Zayats and I. I. Smolyaninov},
  title = {Near-field photonics: surface plasmon polaritons and localized surface
	plasmons},
  journal = {J. Opt. A: Pure Appl. Opt.},
  volume = {5},
  year = {2003},
  pages = {S16-S50}
}

@ARTICLE{ZHO2006TSF,
  author = {C. M. Zhou and D. Gall},
  title = {The structure of Ta nanopillars grown by glancing angle deposition},
  journal = {Thin Solid Films},
  year = {2006}
}

@ARTICLE{ZHO2005OE,
  author = {P. Zhou and G. You and J. Li and S. Wang and S. Qian and L. Chen},
  title = {Annealing effect of linear and nonlinear optical properties of {Ag}:{Bi}$_2${O}$_3$
	nanocomposite films},
  journal = {Optics Express},
  volume = {13},
  year = {2005},
  pages = {1508-1514}
}

@ARTICLE{ZHO2000SCT,
  author = {Y. M. Zhou and R. Asaki and K. Higashi and W. H.Soe and R. Yamamoto},
  title = {Sliding wear behavior of polycrystalline {TiN/CrN} multilayers against
	an alumina ball},
  journal = {Surface and Coatings Technology},
  volume = {130},
  year = {2000},
  pages = {9-14}
}

@ARTICLE{ZHU1998NIM,
  author = {Y. F. Zhukovskii and M. Alfredsson and K. Hermansson and E. Heifets
	and E. A. Kotomin},
  title = {Ab initio simulations of silver lm adhesion on $\alpha$-{Al}$_2${O}$_3$
	($0001$) and {MgO} ($100$) surfaces},
  journal = {Nuclear Instruments and Methods in Physics Research B},
  year = {1998}
}

@ARTICLE{ZHU2001IJMS,
  author = {Y. F. Zhukovskii and E. A. Kotomin and B. Herschend and K. Hermansson
	and P. W. M. Jacobs},
  title = {A First-Principles Study of the {Ag}/$\alpha$-Al$_2$O$_3$($0001$)
	interface},
  journal = {Int. J. Mol. Sci.},
  year = {2001}
}

@ARTICLE{ZIN1999TSF,
  author = {M. Zinke-Allmang},
  title = {Phase separation on solid surfaces : nucleation, coarsening and coalescence
	kinetics},
  journal = {Thin Solid Films},
  volume = {346},
  year = {1999},
  pages = {1}
}

@ARTICLE{ZIN1971TSF,
  author = {G. Zinsmeister},
  title = {Theory of thin film condensation Part {D} : Influence of a variable
	collision factor},
  journal = {Thin Solid Films},
  volume = {7},
  year = {1971},
  pages = {51-75}
}

@ARTICLE{ZIN1969TSF,
  author = {G. Zinsmeister},
  title = {Theory of thin film condensation part {C} : Aggregate size distribution
	in island films},
  journal = {Thin Solid Films},
  volume = {4},
  year = {1969},
  pages = {363-386}
}

@ARTICLE{ZIN1968TSF,
  author = {G. Zinsmeister},
  title = {Theory of thin film condensation. Part {B} : Solution of the simplified
	condensation equation},
  journal = {Thin Solid Films},
  volume = {2},
  year = {1968},
  pages = {497-507}
}

@ARTICLE{ZIN1966VAC,
  author = {G. Zinsmeister},
  title = {A contribution to Frenkel's theory of condensation},
  journal = {Vacuum},
  volume = {16},
  year = {1966},
  pages = {529-535}
}

@BOOK{B-BHU,
  title = {Handbook of Nanotechnology - 2e ed.},
  publisher = {Springer}
}

@ARTICLE{url_surfacenet,
  journal = {\url{http://www.surfacenet.de}}
}

@BOOK{B-SHE2006,
  title = {Introduction to Digital Signal Processing and Filter Design},
  year = {2006}
}

@BOOK{B-AGRA2005,
  title = {Raman Amplification in Fiber Optical Communication Systems},
  year = {2005}
}

@BOOK{B-ANT2004,
  title = {Electronic Structure and magneto-optical properties of solids},
  year = {2004}
}

@BOOK{B-DRESS2004,
  title = {Solid State Physics Part II - Optical Properties of Solids},
  year = {2004}
}

@BOOK{B-WAR2003,
  title = {IR and Raman Spectroscopy},
  year = {2003}
}

@BOOK{B-AMP2002,
  title = {A Look Inside Nanotechnology},
  year = {2002}
}

@BOOK{B-KOC2002,
  title = {NANOSTRUCTURED MATERIALS : Processing, Properties and Potential Applications},
  year = {2002}
}

@BOOK{B-KOR2002,
  title = {Semiconductors for Micro and Nanotechnology - An Introduction for
	Engineers},
  year = {2002}
}

@BOOK{B-CAL2001,
  title = {Fundamentals of Materials Science and Engineering},
  year = {2001}
}

@BOOK{B-SHA2001,
  title = {Materials Science and Engineering Handbook Third Edition},
  year = {2001}
}

@comment{jabref-meta: selector_journal:Advanced Materials Review;Appli
ed Physics B;Applied Physics Letters;Applied Surface Science;Europhysi
cs Letters;J. Phys. D:Appl. Phys.;Japanese Journal of Applied Physics;
Journal of Applied Physics;Journal of Non-Crystalline Solids;Journal o
f Physical Chemistry B;Journal of Physics : Condensed Matter;Journal o
f Raman Spectroscopy;Nanoletters;Nanotechnology;Nature;Optics Letters;
Physical Review B;Physical Review Letters;Science;Surface Science;Surf
ace Science Letters;Thin Solid Films;}

