% This file was created with JabRef 2.5.
% Encoding: Cp1252

@BOOK{secur2,
  title = {Les systèmes de détection d'intrusions},
  publisher = {Developpez.com},
  year = {2006},
  author = {David Burgermeister, Jonathan Krier},
  owner = {Oussema},
  timestamp = {2010.05.04}
}

@BOOK{attaque2,
  publisher = {EYROLLES},
  year = {2006},
  editor = {ÉDITIONS EYROLLES},
  author = {Cédric Llorens},
  owner = {Oussema},
  timestamp = {2010.05.02}
}

@ARTICLE{attaque1,
  author = {Donald L. Pipkin},
  title = {Sécurité des systèmes d’information},
  journal = {CampusPress},
  year = {2000},
  owner = {Oussema},
  timestamp = {2010.04.30}
}

@TECHREPORT{backtrack,
  author = {Régis Senet},
  title = {Introduction à BackTrack},
  institution = {www.remote-exploit.org/backtrack.html},
  year = {2007},
  owner = {Oussema},
  timestamp = {2010.05.21}
}

@TECHREPORT{vulne,
  title = {Vulnérabilité (informatique)},
  institution = {www.Wikipédia.com},
  year = {2010},
  owner = {Oussema},
  timestamp = {2010.05.12}
}

@TECHREPORT{secur1,
  title = {Introduction à la sécurité informatique},
  institution = {www.commentcamarche.net},
  year = {2009},
  owner = {Oussema},
  timestamp = {2010.05.04}
}

@TECHREPORT{sniff,
  title = {Analyseurs réseau (sniffers)},
  institution = {www.commentcamarche.net},
  year = {2008},
  owner = {Oussema},
  timestamp = {2010.05.12}
}

@TECHREPORT{sniff1,
  title = {Top 11 Packet Sniffers},
  institution = {www.sectools.org},
  year = {2006},
  owner = {Oussema},
  timestamp = {2010.05.15}
}

@comment{jabref-meta: selector_publisher:}

@comment{jabref-meta: selector_author:}

@comment{jabref-meta: selector_journal:}

@comment{jabref-meta: selector_keywords:}

