% This file was created with JabRef 2.3.1.
% Encoding: UTF8

@ARTICLE{MAC2008JAP,
  author = {Machin 1 and Machin 2 and Machin 3},
  title = {Truc},
  journal = {J. App. Phys.},
  volume = {80},
  year = {2008},
  pages = {331-336}
}

@comment{jabref-meta: selector_publisher:}

@comment{jabref-meta: selector_author:}

@comment{jabref-meta: selector_journal:}

@comment{jabref-meta: selector_keywords:}

